3209 4859
476 222 478 229 '
601 217 647 280 De
662 226 897 295 propagatione
916 224 996 289 fidet.
1357 196 1418 271 201

177 392 284 477 gratia
306 392 481 474 floruerint,
506 414 635 479 euinque
659 414 733 478 opus
756 395 881 479 singula
904 414 995 459 suum
1018 393 1122 458 studio
1144 391 1286 458 concordi
1309 411 1421 478 urgere

177 516 348 580 numquam
372 494 537 579 desierint,
571 499 679 564 uberes
713 499 837 564 edidere
868 498 981 564 salutis
1011 498 1145 576 fructus,
1180 495 1421 582 Congregationi

177 600 311 666 Nostrae
345 602 382 669 de
414 603 613 687 propaganda
647 602 707 667 lide
741 602 824 667 haud
856 602 1007 667 mediocre
1041 600 1174 667 attulere
1196 600 1367 665 subsidium
1388 601 1420 666 et

177 703 321 769 levamen
344 706 381 771 ad
406 706 586 771 sustinenda
608 704 788 771 missionum
813 725 913 783 onera,
937 708 1030 788 atque
1053 704 1100 770 ita
1121 704 1225 787 vigere
1248 703 1315 768 visa
1336 704 1419 782 sunt,

178 809 214 871 ut
236 807 350 874 laetam
372 828 490 893 quoque
514 830 600 893 spem
621 809 757 875 facerent
780 809 992 898 inposterum
1018 808 1134 891 segetis
1165 807 1331 891 amplioris
1376 806 1421 871 At

179 930 251 975 vero
273 912 473 995 tempestates
504 913 607 996 plures
639 932 674 977 ac
708 914 923 991 vehementes,
954 931 1032 995 quae
1068 912 1214 977 adversus
1248 910 1421 977 Ecclesiam

179 1014 332 1079 excitatae
366 1017 439 1080 sunt
472 1016 504 1080 in
538 1014 715 1100 regionibus
746 1016 932 1100 jamdudum
953 1013 1132 1099 evangelica
1153 1015 1222 1079 luce
1244 1014 1420 1093 illustratis,

180 1118 403 1184 detrimentum
426 1120 599 1186 intulerunt
620 1120 659 1184 iis
682 1122 778 1185 etiam
802 1121 961 1203 operibus,
995 1138 1074 1202 quae
1108 1120 1181 1184 sunt
1210 1118 1250 1183 ad
1272 1118 1421 1183 barbaras

179 1221 359 1287 excolendas
375 1222 528 1292 instituta.
561 1224 684 1289 Etenim
701 1226 820 1289 multae
839 1243 948 1290 earrsae
972 1223 1150 1302 extiterunt,
1173 1242 1251 1305 qnae
1269 1221 1422 1287 sociorum

178 1343 340 1389 numerum
362 1324 644 1411 liberalitatemque
667 1328 854 1395 minuerunt.
889 1328 929 1393 Et
949 1348 1022 1392 sane
1046 1347 1116 1393 cum
1132 1326 1247 1409 passim
1263 1325 1420 1409 opiniones

177 1447 290 1511 pravae
312 1433 499 1513 spargantur
520 1433 551 1496 in
575 1433 697 1516 vulgus,
721 1452 774 1516 per
794 1451 871 1516 quas
894 1432 1067 1497 mundanae
1090 1419 1421 1512 felicitatis'appetitio

176 1532 310 1607 acuitur,
335 1534 516 1597 coelestium
540 1537 644 1600 autern
667 1536 815 1601 bonorum
838 1556 907 1619 spes
929 1535 1086 1619 abjicitur,
1109 1534 1182 1618 quid
1203 1533 1242 1598 ab
1258 1533 1297 1599 iis
1313 1552 1420 1616 expec-

175 1637 279 1714 tetur,
312 1636 363 1719 qui
394 1638 496 1703 animo
519 1638 557 1703 ad
582 1638 817 1721 excogitandas,
851 1658 974 1722 corpore
995 1640 1034 1703 ad
1057 1638 1223 1722 capiendas
1246 1637 1421 1719 voluptates

176 1739 332 1803 utuntur?
376 1739 562 1823 Huiusmodi
597 1741 736 1807 homines
768 1760 911 1825 precesne
945 1740 1095 1819 fundant,
1133 1742 1244 1825 quibus
1277 1742 1421 1807 exoratus

177 1841 262 1907 Deus
279 1841 405 1925 populos
428 1843 569 1909 sedentes
592 1845 623 1907 in
646 1844 783 1910 tenebris
807 1846 846 1909 ad
870 1844 1010 1908 divinum
1039 1844 1200 1927 Evangelii
1228 1844 1332 1909 lumen
1356 1844 1420 1909 vic·

176 1945 249 2010 trioi
273 1946 374 2029 gratia
395 1946 553 2013 adducat?
597 1948 694 2014 Istinc
729 1948 941 2015 sacerdotibus
976 1968 1029 2032 pro
1059 1948 1120 2013 fide
1147 1947 1360 2014 laborantibus
1383 1965 1419 2013 ac

177 2049 399 2115 dimicantibus
420 2053 577 2135 suppetias
601 2054 724 2119 terant?
768 2053 986 2118 Restrictiores
1019 2071 1109 2136 porro
1142 2052 1211 2118 fieri
1243 2052 1284 2116 'ad
1318 2051 1420 2116 muni·

177 2152 332 2219 licentiam
353 2154 471 2219 animos
493 2156 588 2220 etiam
611 2156 730 2240 piorum
754 2158 915 2222 hominum
937 2156 1085 2240 temporis
1107 2156 1306 2239 improbitate
1328 2173 1418 2239 oper·

176 2258 256 2337 tuit,
290 2260 404 2342 partim
438 2260 518 2343 quod
553 2261 728 2328 abundante
762 2262 928 2345 iniquitate
961 2261 1081 2327 relrinit
1101 2261 1268 2326 multorum
1293 2260 1418 2339 caritas,

176 2362 292 2444 partim
314 2364 395 2445 quod
417 2383 522 2428 rerum
543 2366 734 2447 privatarum
755 2366 928 2449 angustiae,
954 2365 1145 2448 publicarum
1169 2366 1271 2430 motus
1290 2364 1418 2447 (injecto

177 2464 272 2529 etiam
292 2469 380 2531 metu
401 2467 514 2551 pejoris
538 2468 618 2547 aevi)
640 2467 736 2551 pluris
766 2469 798 2534 in
824 2470 984 2535 retinendo
1019 2473 1159 2559 tenaces,
1194 2468 1347 2552 parciores
1378 2468 1418 2533 ad

174 2569 371 2655 largiendum
392 2572 566 2639 effecerunt.
1294 2579 1295 2583 ’

279 2674 442 2757 Multiplex
476 2676 582 2741 eontra
618 2664 781 2759 gravisque
818 2676 986 2743 necessitas
1027 2677 1220 2762 Apostolicas
1257 2677 1417 2744 missiones

175 2778 289 2859 premit
311 2780 403 2861 atque
427 2782 528 2865 urget,
552 2799 622 2844 cum
645 2800 801 2845 sacrorum
825 2783 1033 2865 operariorum
1056 2782 1143 2867 copia
1164 2782 1318 2848 efficiatur
1341 2801 1416 2864 quo·

175 2881 252 2947 tidie
275 2883 391 2961 minor3
425 2904 522 2969 neque
553 2884 688 2969 abreptis
712 2888 826 2966 morte,
857 2887 941 2952 senio
965 2886 1129 2964 confectis,
1160 2886 1264 2952 labore
1297 2884 1417 2950 attritis

173 2988 297 3069 praesto
320 2989 392 3053 suut
415 2993 468 3072 qui
490 2989 657 3055 succedant
680 3008 769 3072 pares
792 3010 918 3056 numero
941 2994 974 3056 et
989 2990 1113 3055 virtute.
1144 2990 1317 3074 Religiosas
1334 2989 1416 3054 enim

174 3090 318 3172 familias,
342 3093 423 3158 uude
446 3094 549 3177 plures
571 3094 611 3160 ad
633 3112 736 3159 sacras
759 3094 919 3160 missiones
942 3095 1116 3178 prodibant,
1142 3095 1270 3160 infensis
1292 3093 1416 3178 legibus

175 3194 357 3261 dissociatas
381 3197 544 3277 cernimus,
567 3198 692 3264 clericos
716 3199 754 3264 ab
776 3198 837 3265 aris
861 3200 982 3265 avulsos
1005 3201 1037 3266 et
1059 3219 1135 3265 onus
1159 3199 1290 3265 militiae
1312 3199 1416 3264 subire

174 3301 304 3379 coactos,
328 3301 408 3366 bona
430 3302 592 3385 utriusque
614 3302 696 3369 Cleri
722 3304 785 3367 fere
809 3304 922 3387 ubique
944 3304 1104 3387 publicata
1126 3306 1158 3369 et
1179 3302 1359 3387 proscripta.
1373 3339 1417 3350 -

174 3404 304 3469 Interim
332 3406 419 3471 editu
451 3406 489 3469 ad
520 3406 596 3471 alias
619 3406 728 3490 plagas
751 3407 906 3490 patefacto
929 3427 1006 3492 quae
1029 3407 1214 3473 videbantur
1235 3406 1414 3489 imperviae,

173 3509 327 3574 crescente
357 3509 493 3575 locorum
521 3511 552 3575 et
575 3510 715 3594 gentium
737 3511 871 3590 notitia,
906 3512 987 3577 aliae
1019 3513 1111 3595 atque
1144 3511 1223 3576 aliae
1256 3509 1415 3592 quaesitae

172 3614 246 3678 sunt
265 3612 472 3697 expeditiones
500 3614 635 3679 militum
670 3614 805 3695 Ohristi,
840 3634 995 3700 novaeque
1029 3616 1179 3681 stationes
1208 3613 1414 3679 constitutae:

171 3716 301 3801 ideoque
323 3717 428 3801 plures
451 3718 681 3799 desiderantur,
717 3720 770 3801 qui
804 3738 836 3785 se
869 3720 908 3784 iis
938 3720 1135 3786 missionibus
1164 3718 1350 3795 devoveant,
1382 3718 1416 3782 et

170 3822 358 3904 tempestiva
380 3821 538 3887 conferant
564 3822 711 3888 subsidia.
735 3861 778 3871 —
801 3824 1010 3889 Difficultates
1033 3823 1207 3890 omittimus
1230 3824 1262 3887 et
1282 3821 1415 3905 impedi·

170 3927 275 3990 menta
299 3944 317 3991 a
341 3926 633 3993 contradictionibus
657 3926 773 3993 aborta.
821 3927 918 4011 Saepe
941 3927 1022 3993 enim
1046 3928 1105 3993 viri
1128 3927 1271 4005 fallaces,
1295 3926 1414 3990 satores

170 4047 319 4106 errorum,
343 4029 492 4097 simulant
515 4032 678 4115 Apostolos
702 4031 835 4111 Christi,
868 4032 1072 4116 humanisque
1106 4032 1269 4116 praesidiis
1292 4031 1412 4096 affatim

168 4132 316 4198 instructi
332 4154 442 4199 munus
459 4136 679 4202 catholicorum
696 4136 891 4201 sacerdotum
909 4138 1117 4219 praevertunt,
1137 4137 1186 4203 vel
1203 4135 1412 4201 deficientium

168 4237 237 4301 loeo
259 4236 445 4321 subrepunt,
480 4241 529 4305 vel
563 4242 664 4325 posita
698 4260 733 4305 ex
764 4240 893 4306 adverso
916 4242 1065 4306 cathedra
1081 4241 1225 4307 'docentis
1245 4239 1411 4318 obsistunt,

167 4339 246 4405 satis
274 4360 307 4405 se
339 4344 495 4409 assecutos
525 4346 604 4423 rati,
638 4345 665 4410 si
698 4345 896 4410 audientibus
926 4346 1055 4436 verbum
1084 4346 1142 4411 Dei
1164 4344 1255 4410 aliter
1278 4344 1317 4410 ab
1341 4341 1413 4407 aliis

167 4445 315 4528 explicari
339 4446 503 4530 ancipitem
527 4448 646 4514 faciunt
669 4449 781 4515 salutis
801 4449 895 4516 viam.
926 4450 1053 4515 Utinam
1074 4470 1135 4515 non
1157 4448 1275 4533 aliquid
1291 4446 1412 4511 artibus

167 4548 232 4613 suis
251 4548 451 4633 proficerent!
496 4551 579 4617 illud
601 4554 684 4619 certe
707 4552 899 4631 dedendum,
929 4552 1009 4637 quod
1036 4554 1059 4618 ii
1081 4553 1134 4619 vel
1152 4553 1224 4635 ipsi,
1255 4550 1309 4636 qui
1331 4547 1411 4613 tales
