3209 4859
435 184 532 257 Kolin,
555 190 650 245 Ueber
669 185 729 245 den
751 188 807 243 Ort
825 184 1154 259 derEbcecbto'ecoanp.
1353 162 1415 234 195

673 362 910 428 Boroeeoooeo.

277 477 561 549 Reverendissimus
595 478 745 548 Dominus
775 482 943 547 hodiernus
963 471 1106 545 Vicarius
1131 480 1314 564 capitularis
1337 481 1416 546 Bar-

168 588 348 667 chinonen.,
383 588 454 653 sede
482 588 537 653 illa
571 588 735 673 episcopali
759 587 905 666 vacante,
938 606 962 653 3.
988 587 1050 651 llil.
1076 586 1171 670 Cong.
1196 586 1350 669 exposuit,
1382 605 1415 651 se

169 697 260 760 circo
279 694 393 771 111111,
425 692 479 757 ubi
512 692 747 758 Sacramentum
783 684 972 756 matrimonii
1010 690 1227 755 celebrandum
1258 690 1301 755 sit
1330 687 1416 755 extra

169 817 278 863 casum
302 797 497 881 necessitatis
521 795 652 881 alicujus
675 796 900 875 contrahentia,
931 796 1048 878 praxim
1068 815 1087 859 a
1111 796 1218 860 multis
1241 795 1330 860 annis
1350 796 1415 878 jam

169 902 329 986 vigentem
353 902 384 965 in
409 900 467 965 hac
491 900 629 965 Dioecesi
649 899 810 977 invenisse,
832 900 912 982 quod
926 900 1046 964 scilicet
1058 899 1222 982 aliquoties
1235 898 1416 965 Ordinarius
1454 955 1456 958 .

169 1007 211 1071 ob
236 1025 358 1070 causam
383 1004 557 1070 nobilitatis
580 1004 629 1067 vel
652 1002 744 1066 aliam
774 1002 834 1066 sibi
862 1003 1038 1068 benenisam
1067 1003 1259 1088 permiserit,
1293 1008 1330 1068 nt
1358 1004 1417 1069 hoo

171 1109 407 1175 Sacramentum
432 1107 662 1172 ministraretur
690 1106 721 1169 in
755 1106 898 1171 oratoriis
930 1105 1075 1190 privatis,
1110 1109 1250 1173 attamen
1285 1127 1354 1174 raro
1384 1108 1417 1173 in

171 1214 296 1297 privata
330 1213 419 1278 domo
454 1212 525 1276 ante
556 1212 654 1276 alt-are
685 1210 724 1274 ad
752 1212 810 1276 hoc
832 1212 978 1279 erectum.
1024 1212 1310 1277 Reverendissimns
1334 1213 1418 1278 Pan·

171 1318 276 1383 taleon
299 1316 474 1381 Monserrat
496 1314 626 1379 ultimus
649 1314 809 1397 episcopus
830 1314 870 1379 ad
890 1315 1095 1380 revocandam
1111 1315 1283 1397 praefetam
1299 1314 1417 1398 praxim

172 1421 308 1485 multum
326 1418 490 1497 laboravit,
512 1419 564 1483 sed
586 1418 676 1483 hodie
699 1437 759 1483 non
782 1419 902 1496 desunt,
926 1420 979 1501 qui
999 1419 1088 1502 juxta
1108 1419 1196 1482 illam
1217 1418 1335 1502 praxim
1351 1438 1418 1483 ma·

172 1525 354 1589 trimoninm
388 1521 466 1587 inire
501 1523 676 1605 cupientes,
710 1521 870 1587 licentiam
897 1523 935 1587 ab
957 1522 1120 1587 Ordinerio
1144 1523 1298 1605 expetunt.
1344 1522 1418 1588 Ideo

171 1629 278 1692 orator
301 1625 495 1709 supradictus
518 1624 692 1689 humillime
718 1626 755 1689 ab
783 1626 891 1690 eadem
914 1645 938 1693 3,
962 1625 1208 1710 congregatione
1234 1626 1418 1692 solutionem

171 1732 366 1813 sequentium
391 1729 552 1813 dubiorum
576 1723 794 1811 expostulavit,
819 1729 982 1796 nimirum:
1345 1755 1347 1760 ·

281 1835 424 1929 Dubium.
441 1834 463 1897 l.
497 1834 547 1897 An
569 1834 654 1897 extra
670 1852 775 1898 casnm
790 1834 985 1899 infirmitatis
1002 1834 1204 1918 gravissimae
1218 1834 1251 1899 in
1268 1835 1419 1902 alterutro

173 1958 213 2005 er
234 1937 489 2004 contrahentibus
513 1936 663 2002 celebrari
686 1938 784 2020 possit
806 1937 1037 2003 matrimonium
1052 1939 1084 2004 in
1101 1939 1225 2021 privata
1241 1939 1331 2004 domo
1346 1941 1419 2006 ante

173 2042 276 2107 altare
299 2042 338 2105 ad
362 2041 419 2104 hoo
443 2038 619 2122 specialiter
639 2041 800 2105 erectum?

280 2145 414 2210 Dubium
438 2143 479 2209 Il.
515 2143 564 2206 An
588 2146 672 2208 extra
702 2144 820 2208 dictum
854 2162 961 2209 casum
983 2144 1014 2207 in
1039 2144 1180 2209 oratoriis
1203 2144 1351 2228 privatis,
1385 2148 1419 2211 in

173 2248 287 2331 quibus
310 2248 404 2313 missa
428 2248 625 2314 celebraturi

255 2416 257 2421 ,
281 2353 417 2417 Dubium
442 2353 498 2417 ΙΙΙ.
533 2352 582 2417 An
609 2352 703 2417 missa
733 2353 883 2435 nuptialis
912 2352 944 2416 in
973 2352 1066 2418 dietis
1095 2354 1237 2419 oratoriis
1267 2355 1418 2420 celebrari

173 2456 301 2540 possit?

253 2560 373 2625 'Sacra
396 2579 465 2625 vero
489 2560 595 2625 eadem
621 2560 828 2645 Congregatio
850 2560 998 2639 Rituum,
1031 2561 1139 2626 audita
1170 2563 1326 2628 sententia
1358 2564 1419 2628 ite·

172 2664 388 2730 verendissimi
408 2664 524 2729 domini
548 2664 685 2748 ejusdem
709 2684 733 2731 3.
757 2664 1014 2748 Congregationis
1038 2665 1225 2744 assessoris,
1253 2668 1418 2750 propositis

174 2767 280 2833 dubiis
303 2768 469 2833 rescribere
492 2770 563 2833 rata
586 2771 651 2833 est:

281 2872 341 2937 Ad.
381 2872 405 2937 Ι.
452 2873 613 2937 Provisum
636 2874 841 2957 insequenti.

280 2976 340 3040 Ad.
361 2976 401 3043 ΙΙ.
448 2976 683 3042 Matrimonium
698 2976 730 3040 in
747 2976 825 3041 facie
843 2976 1000 3041 Ecclesiae
1025 2994 1079 3041 sen
1098 2975 1130 3041 in
1144 2978 1273 3044 ecclesia
1286 2979 1418 3045 maxime

171 3080 323 3145 celebrari
345 3080 440 3147 decet.
487 3081 581 3145 Hand
601 3082 708 3146 tamen
732 3082 865 3146 vetitum
896 3082 944 3146 est
974 3081 1110 3146 locorum
1138 3069 1330 3162 Ordinariis,
1368 3087 1413 3163 ut,

174 3184 204 3250 si
226 3184 346 3249 nullum
368 3185 530 3249 immineat
552 3186 722 3269 periculum
746 3205 781 3253 ae
804 3186 978 3251 laudabiles
1002 3190 1186 3261 concurrant
1200 3207 1320 3273 causae,
1340 3188 1419 3253 illud

174 3288 330 3354 celebrare
362 3290 543 3373 quandoque
565 3310 619 3374 pro
642 3310 697 3355 sua
720 3290 884 3374 prudentia
906 3290 1091 3373 permittant
1114 3292 1146 3356 in
1168 3293 1298 3376 privatis
1318 3295 1420 3358 orato-

175 3392 242 3470 riis,
265 3393 431 3477 inquibus
457 3393 584 3459 Sacrum
608 3394 675 3459 fieri
699 3395 809 3460 valeat.
894 3436 901 3448 ‚

281 3495 341 3562 Ad.
364 3496 422 3562 ΙΙΙ.
458 3497 660 3577 Affirmative,
685 3498 815 3561 servatis
843 3496 984 3565 rubricis.
1051 3552 1055 3561 .

282 3600 385 3681 Atque
407 3600 453 3665 ita
475 3602 633 3684 rescripsit
656 3600 704 3666 die
728 3603 778 3665 31.
804 3603 940 3684 Augusti
965 3601 1094 3687 18721).

281 3708 345 3767 Ans
366 3704 435 3769 dem
460 3705 615 3790 Gesagten
639 3706 741 3791 ergibt
764 3706 840 3785 sich,
866 3707 937 3770 dass
956 3705 1006 3769 die
1029 3706 1144 3771 Kirche
1162 3705 1419 3789 dergeeignetste

175 3804 236 3870 Ort
255 3806 304 3871 iirr
326 3808 375 3872 die
398 3809 660 3893 Ebeschliessung
686 3810 730 3875 sei
764 3809 827 3873 und
861 3809 933 3873 dass
966 3810 1020 3873 der
1054 3808 1230 3894 Seelsorger
1261 3810 1327 3874 sich
1361 3810 1418 3875 be·

176 3912 290 3975 miiben
318 3913 411 3991 solle,
446 3912 528 3978 diese
558 3914 691 3979 lbbliche
714 3912 917 3978 Gewohnheit
940 3912 1270 3977 eufrecbtznerhalten.
1316 3914 1418 3979 Wenn

174 4016 251 4080 aber
284 4016 333 4080 die
368 4018 551 4082 Brantleute
582 4038 636 4082 ens
667 4018 776 4101 irgend
801 4016 884 4081 einer
905 4016 1042 4081 Ursache
1066 4036 1090 4083 1.
1117 4018 1151 4084 Β.
1176 4036 1231 4082 aus
1254 4018 1359 4083 Pietat
1386 4019 1418 4083 in

175 4119 232 4183 der
251 4120 452 4185 Filialkirche
472 4123 598 4205 getraut
619 4121 739 4186 werden
762 4121 951 4198 ninsohten,
978 4139 1011 4185 so
1030 4121 1073 4185 ist
1093 4139 1125 4184 es
1148 4122 1320 4205 angezeigt,
1350 4123 1417 4187 sich
1449 4175 1451 4177 v

174 4243 234 4290 von
259 4223 327 4288 dem
351 4224 533 4290 Ordinarius
555 4226 614 4290 looi
637 4226 687 4290 die
710 4224 891 4289 Erlaubniss
914 4224 1004 4288 hiezu
1026 4244 1064 4288 zu
1086 4226 1238 4305 erbitten,
1271 4225 1320 4290 die
1343 4225 1415 4290 der-

173 4327 261 4394 selbe
284 4329 342 4393 mit
365 4329 533 4393 Rucksicbt
557 4330 686 4395 auidas
714 4327 907 4412 Angeiibrte
930 4328 1111 4393 schuerlioh
1127 4348 1276 4413 rersagen
1291 4329 1416 4396 konnte.

283 4470 307 4535 1)
326 4467 395 4521 Acta
413 4468 438 4522 S.
458 4468 544 4533 Sedis,
561 4468 620 4522 Vol.
641 4467 703 4523 XII.
720 4484 765 4537 pg.
784 4466 844 4521 220.
863 4466 927 4520 iaso.
945 4466 977 4521 V.

451 4586 456 4595 '
1245 4606 1312 4670 13*
