<?xml version="1.0" encoding="UTF-8"?>
<!DOCTYPE html PUBLIC "-//W3C//DTD XHTML 1.0 Transitional//EN"
    "http://www.w3.org/TR/xhtml1/DTD/xhtml1-transitional.dtd">
<html xmlns="http://www.w3.org/1999/xhtml" xml:lang="en" lang="en">
 <head>
  <title>
</title>
<meta http-equiv="Content-Type" content="text/html;charset=utf-8" />
  <meta name='ocr-system' content='tesseract 3.04.00' />
  <meta name='ocr-capabilities' content='ocr_page ocr_carea ocr_par ocr_line ocrx_word'/>
</head>
<body>
  <div class='ocr_page' id='page_1' title='image "./archivfrkatholi17unkngoog/archivfrkatholi17unkngoog_0217.png"; bbox 0 0 3209 4859; ppageno 0'>
   <div class='ocr_carea' id='block_1_1' title="bbox 240 98 1239 210">
    <p class='ocr_par' dir='ltr' id='par_1_1' title="bbox 240 98 1239 210">
     <span class='ocr_line' id='line_1_1' title="bbox 240 98 1239 210; baseline 0.004 -20"><span class='ocrx_word' id='word_1_1' title='bbox 240 116 305 190; x_wconf 89' lang='lat'>208</span> <span class='ocrx_word' id='word_1_2' title='bbox 492 139 580 196; x_wconf 67' lang='lat' dir='ltr'>neor.</span> <span class='ocrx_word' id='word_1_3' title='bbox 598 157 622 194; x_wconf 71' lang='grc'>1.</span> <span class='ocrx_word' id='word_1_4' title='bbox 643 138 754 210; x_wconf 64' lang='lat' dir='ltr'>conpr.</span> <span class='ocrx_word' id='word_1_5' title='bbox 777 139 900 210; x_wconf 66' lang='lat' dir='ltr'>rnanrp.</span> <span class='ocrx_word' id='word_1_6' title='bbox 919 98 969 194; x_wconf 70' lang='lat' dir='ltr'>aa}</span> <span class='ocrx_word' id='word_1_7' title='bbox 988 136 1033 194; x_wconf 84' lang='grc'>11.</span> <span class='ocrx_word' id='word_1_8' title='bbox 1054 138 1131 194; x_wconf 80' lang='lat' dir='ltr'>nov.</span> <span class='ocrx_word' id='word_1_9' title='bbox 1150 137 1239 196; x_wconf 79' lang='lat' dir='ltr'>isso.</span> 
     </span>
    </p>
   </div>
   <div class='ocr_carea' id='block_1_2' title="bbox 234 308 1490 3717">
    <p class='ocr_par' dir='ltr' id='par_1_2' title="bbox 238 308 1490 798">
     <span class='ocr_line' id='line_1_2' title="bbox 238 308 1489 404; baseline -0.002 -25"><span class='ocrx_word' id='word_1_10' title='bbox 238 313 357 399; x_wconf 88' lang='lat' dir='ltr'>primus</span> <span class='ocrx_word' id='word_1_11' title='bbox 392 312 441 379; x_wconf 81' lang='lat' dir='ltr'>est</span> <span class='ocrx_word' id='word_1_12' title='bbox 475 328 582 376; x_wconf 83' lang='lat' dir='ltr'>sensus</span> <span class='ocrx_word' id='word_1_13' title='bbox 619 311 808 404; x_wconf 83' lang='lat' dir='ltr'>memoratae</span> <span class='ocrx_word' id='word_1_14' title='bbox 841 309 1039 376; x_wconf 80' lang='lat' dir='ltr'><strong>resolutionis</strong></span> <span class='ocrx_word' id='word_1_15' title='bbox 1076 308 1186 376; x_wconf 80' lang='lat' dir='ltr'>Sacrae</span> <span class='ocrx_word' id='word_1_16' title='bbox 1227 309 1489 400; x_wconf 80' lang='lat' dir='ltr'>Congregationis</span> 
     </span>
     <span class='ocr_line' id='line_1_3' title="bbox 240 413 1489 500; baseline 0.001 -19"><span class='ocrx_word' id='word_1_17' title='bbox 240 417 302 483; x_wconf 90' lang='lat' dir='ltr'>diei</span> <span class='ocrx_word' id='word_1_18' title='bbox 324 418 375 482; x_wconf 83' lang='lat'>28.</span> <span class='ocrx_word' id='word_1_19' title='bbox 399 415 499 499; x_wconf 84' lang='lat' dir='ltr'>April.</span> <span class='ocrx_word' id='word_1_20' title='bbox 525 414 626 494; x_wconf 83' lang='grc'>1761,</span> <span class='ocrx_word' id='word_1_21' title='bbox 658 415 752 498; x_wconf 91' lang='lat' dir='ltr'>atque</span> <span class='ocrx_word' id='word_1_22' title='bbox 790 414 847 479; x_wconf 89' lang='lat' dir='ltr'>hoc</span> <span class='ocrx_word' id='word_1_23' title='bbox 880 413 1014 498; x_wconf 87' lang='lat' dir='ltr'>primum</span> <span class='ocrx_word' id='word_1_24' title='bbox 1048 432 1141 479; x_wconf 89' lang='lat' dir='ltr'>seusu</span> <span class='ocrx_word' id='word_1_25' title='bbox 1175 413 1395 500; x_wconf 88' lang='lat' dir='ltr'>adscriptiones</span> <span class='ocrx_word' id='word_1_26' title='bbox 1428 417 1489 482; x_wconf 84' lang='lat' dir='ltr'>ab·</span> 
     </span>
     <span class='ocr_line' id='line_1_4' title="bbox 238 517 1488 604; baseline -0.002 -16"><span class='ocrx_word' id='word_1_27' title='bbox 238 523 372 589; x_wconf 82' lang='lat' dir='ltr'>sentium</span> <span class='ocrx_word' id='word_1_28' title='bbox 390 521 458 586; x_wconf 91' lang='lat' dir='ltr'>tum</span> <span class='ocrx_word' id='word_1_29' title='bbox 482 518 604 584; x_wconf 87' lang='lat' dir='ltr'>decreto</span> <span class='ocrx_word' id='word_1_30' title='bbox 617 517 719 584; x_wconf 90' lang='lat' dir='ltr'>.Urbis</span> <span class='ocrx_word' id='word_1_31' title='bbox 740 519 774 582; x_wconf 91' lang='lat' dir='ltr'>et</span> <span class='ocrx_word' id='word_1_32' title='bbox 794 517 886 584; x_wconf 85' lang='lat' dir='ltr'>Orbis</span> <span class='ocrx_word' id='word_1_33' title='bbox 908 517 969 582; x_wconf 90' lang='lat' dir='ltr'>diei</span> <span class='ocrx_word' id='word_1_34' title='bbox 994 519 1044 584; x_wconf 88' lang='grc'>13.</span> <span class='ocrx_word' id='word_1_35' title='bbox 1068 517 1166 601; x_wconf 85' lang='lat' dir='ltr'>April.</span> <span class='ocrx_word' id='word_1_36' title='bbox 1194 519 1287 598; x_wconf 84' lang='lat'>1878,</span> <span class='ocrx_word' id='word_1_37' title='bbox 1310 521 1378 586; x_wconf 90' lang='lat' dir='ltr'>tum</span> <span class='ocrx_word' id='word_1_38' title='bbox 1394 540 1488 604; x_wconf 88' lang='lat' dir='ltr'>prae·</span> 
     </span>
     <span class='ocr_line' id='line_1_5' title="bbox 239 621 1490 708; baseline -0.001 -15"><span class='ocrx_word' id='word_1_39' title='bbox 239 627 321 694; x_wconf 88' lang='lat' dir='ltr'>senti</span> <span class='ocrx_word' id='word_1_40' title='bbox 341 623 552 690; x_wconf 86' lang='lat' dir='ltr'>instructione</span> <span class='ocrx_word' id='word_1_41' title='bbox 573 622 682 688; x_wconf 88' lang='lat' dir='ltr'>irritae</span> <span class='ocrx_word' id='word_1_42' title='bbox 704 623 828 688; x_wconf 89' lang='lat' dir='ltr'>omnino</span> <span class='ocrx_word' id='word_1_43' title='bbox 850 621 989 707; x_wconf 89' lang='lat' dir='ltr'>generali</span> <span class='ocrx_word' id='word_1_44' title='bbox 1010 621 1081 708; x_wconf 86' lang='lat' dir='ltr'>lege</span> <span class='ocrx_word' id='word_1_45' title='bbox 1102 625 1172 688; x_wconf 77' lang='lat' dir='ltr'>sine</span> <span class='ocrx_word' id='word_1_46' title='bbox 1190 623 1259 690; x_wconf 82' lang='lat' dir='ltr'>nlla</span> <span class='ocrx_word' id='word_1_47' title='bbox 1280 646 1490 708; x_wconf 69' lang='grc'>111111111-</span> 
     </span>
     <span class='ocr_line' id='line_1_6' title="bbox 238 729 1139 798; baseline -0.014 1"><span class='ocrx_word' id='word_1_48' title='bbox 238 733 321 798; x_wconf 79' lang='grc'>11111</span> <span class='ocrx_word' id='word_1_49' title='bbox 341 729 549 796; x_wconf 75' lang='lat' dir='ltr'>declarantur.</span> <span class='ocrx_word' id='word_1_50' title='bbox 1136 735 1139 742; x_wconf 88' lang='grc'><em>·</em></span> 
     </span>
    </p>

    <p class='ocr_par' dir='ltr' id='par_1_3' title="bbox 234 829 1489 2266">
     <span class='ocr_line' id='line_1_7' title="bbox 343 829 1489 916; baseline -0.003 -16"><span class='ocrx_word' id='word_1_51' title='bbox 343 835 387 901; x_wconf 89' lang='lat'>11.</span> <span class='ocrx_word' id='word_1_52' title='bbox 431 832 621 912; x_wconf 74' lang='lat' dir='ltr'>sodalitates</span> <span class='ocrx_word' id='word_1_53' title='bbox 641 829 737 896; x_wconf 88' lang='lat' dir='ltr'>etiam</span> <span class='ocrx_word' id='word_1_54' title='bbox 761 829 966 908; x_wconf 83' lang='lat' dir='ltr'>uniuersales,</span> <span class='ocrx_word' id='word_1_55' title='bbox 1000 830 1099 896; x_wconf 89' lang='lat' dir='ltr'>relate</span> <span class='ocrx_word' id='word_1_56' title='bbox 1130 830 1170 895; x_wconf 91' lang='lat' dir='ltr'>ad</span> <span class='ocrx_word' id='word_1_57' title='bbox 1201 851 1279 916; x_wconf 91' lang='lat' dir='ltr'>quas</span> <span class='ocrx_word' id='word_1_58' title='bbox 1302 831 1381 896; x_wconf 90' lang='lat' dir='ltr'>nulli</span> <span class='ocrx_word' id='word_1_59' title='bbox 1412 833 1489 896; x_wconf 91' lang='lat' dir='ltr'>sunt</span> 
     </span>
     <span class='ocr_line' id='line_1_8' title="bbox 238 935 1488 1025; baseline -0.005 -19"><span class='ocrx_word' id='word_1_60' title='bbox 238 939 338 1025; x_wconf 88' lang='lat' dir='ltr'>primo</span> <span class='ocrx_word' id='word_1_61' title='bbox 360 939 418 1004; x_wconf 89' lang='lat' dir='ltr'>hoc</span> <span class='ocrx_word' id='word_1_62' title='bbox 441 955 532 1002; x_wconf 88' lang='lat' dir='ltr'>sensu</span> <span class='ocrx_word' id='word_1_63' title='bbox 555 936 695 1002; x_wconf 76' lang='lat' dir='ltr'>absentes</span> <span class='ocrx_word' id='word_1_64' title='bbox 716 953 770 1000; x_wconf 92' lang='lat' dir='ltr'>seu</span> <span class='ocrx_word' id='word_1_65' title='bbox 792 935 948 1010; x_wconf 83' lang='lat' dir='ltr'>extranei,</span> <span class='ocrx_word' id='word_1_66' title='bbox 978 937 1135 1019; x_wconf 88' lang='lat' dir='ltr'>nequeunt</span> <span class='ocrx_word' id='word_1_67' title='bbox 1164 935 1197 1000; x_wconf 91' lang='lat' dir='ltr'>in</span> <span class='ocrx_word' id='word_1_68' title='bbox 1227 936 1404 1002; x_wconf 68' lang='lat' dir='ltr'>confratres</span> <span class='ocrx_word' id='word_1_69' title='bbox 1429 938 1488 1001; x_wconf 89' lang='lat' dir='ltr'>ad·</span> 
     </span>
     <span class='ocr_line' id='line_1_9' title="bbox 238 1038 1486 1124; baseline -0.004 -15"><span class='ocrx_word' id='word_1_70' title='bbox 238 1044 363 1109; x_wconf 79' lang='lat' dir='ltr'>mittere</span> <span class='ocrx_word' id='word_1_71' title='bbox 379 1039 563 1124; x_wconf 89' lang='lat' dir='ltr'>simpliciter</span> <span class='ocrx_word' id='word_1_72' title='bbox 577 1041 719 1106; x_wconf 82' lang='lat' dir='ltr'>absentes</span> <span class='ocrx_word' id='word_1_73' title='bbox 726 1063 738 1117; x_wconf 85' lang='grc'>,·</span> <span class='ocrx_word' id='word_1_74' title='bbox 755 1039 877 1104; x_wconf 83' lang='grc'>11111111</span> <span class='ocrx_word' id='word_1_75' title='bbox 893 1038 1060 1121; x_wconf 83' lang='lat' dir='ltr'>requiritur</span> <span class='ocrx_word' id='word_1_76' title='bbox 1078 1059 1114 1102; x_wconf 92' lang='lat' dir='ltr'>ex</span> <span class='ocrx_word' id='word_1_77' title='bbox 1125 1040 1196 1122; x_wconf 90' lang='lat' dir='ltr'>jure</span> <span class='ocrx_word' id='word_1_78' title='bbox 1211 1040 1486 1105; x_wconf 89' lang='lat' dir='ltr'>adscribendorum</span> 
     </span>
     <span class='ocr_line' id='line_1_10' title="bbox 238 1143 1485 1233; baseline -0.004 -20"><span class='ocrx_word' id='word_1_79' title='bbox 238 1146 409 1233; x_wconf 90' lang='lat' dir='ltr'>personalis</span> <span class='ocrx_word' id='word_1_80' title='bbox 431 1143 615 1228; x_wconf 85' lang='lat' dir='ltr'>praeseutia.</span> <span class='ocrx_word' id='word_1_81' title='bbox 660 1144 704 1208; x_wconf 86' lang='lat' dir='ltr'>At</span> <span class='ocrx_word' id='word_1_82' title='bbox 731 1143 909 1207; x_wconf 89' lang='lat' dir='ltr'>nullatenus</span> <span class='ocrx_word' id='word_1_83' title='bbox 932 1163 1020 1207; x_wconf 91' lang='lat' dir='ltr'>meus</span> <span class='ocrx_word' id='word_1_84' title='bbox 1039 1143 1099 1208; x_wconf 84' lang='lat' dir='ltr'>luit</span> <span class='ocrx_word' id='word_1_85' title='bbox 1121 1143 1238 1208; x_wconf 85' lang='lat' dir='ltr'>decreti</span> <span class='ocrx_word' id='word_1_86' title='bbox 1260 1164 1327 1209; x_wconf 87' lang='lat' dir='ltr'>eam</span> <span class='ocrx_word' id='word_1_87' title='bbox 1351 1146 1485 1208; x_wconf 89' lang='lat' dir='ltr'>restrin-</span> 
     </span>
     <span class='ocr_line' id='line_1_11' title="bbox 238 1247 1486 1336; baseline -0.004 -19"><span class='ocrx_word' id='word_1_88' title='bbox 238 1270 312 1336; x_wconf 86' lang='lat' dir='ltr'>gere</span> <span class='ocrx_word' id='word_1_89' title='bbox 334 1251 374 1316; x_wconf 87' lang='lat' dir='ltr'>ad</span> <span class='ocrx_word' id='word_1_90' title='bbox 396 1251 496 1316; x_wconf 91' lang='lat' dir='ltr'>locum</span> <span class='ocrx_word' id='word_1_91' title='bbox 517 1248 570 1312; x_wconf 91' lang='lat' dir='ltr'>ubi</span> <span class='ocrx_word' id='word_1_92' title='bbox 590 1247 745 1312; x_wconf 87' lang='lat' dir='ltr'>Sodalitas</span> <span class='ocrx_word' id='word_1_93' title='bbox 765 1247 912 1312; x_wconf 90' lang='lat' dir='ltr'>canonice</span> <span class='ocrx_word' id='word_1_94' title='bbox 935 1249 1038 1312; x_wconf 85' lang='lat' dir='ltr'>erecta</span> <span class='ocrx_word' id='word_1_95' title='bbox 1068 1249 1223 1330; x_wconf 89' lang='lat' dir='ltr'>propriam</span> <span class='ocrx_word' id='word_1_96' title='bbox 1242 1249 1352 1312; x_wconf 89' lang='lat' dir='ltr'>-habet</span> <span class='ocrx_word' id='word_1_97' title='bbox 1379 1249 1486 1313; x_wconf 89' lang='lat' dir='ltr'>sedem</span> 
     </span>
     <span class='ocr_line' id='line_1_12' title="bbox 239 1351 1487 1436; baseline -0.002 -15"><span class='ocrx_word' id='word_1_98' title='bbox 239 1375 276 1420; x_wconf 88' lang='lat' dir='ltr'>ac</span> <span class='ocrx_word' id='word_1_99' title='bbox 310 1358 469 1430; x_wconf 81' lang='lat' dir='ltr'>centrum3</span> <span class='ocrx_word' id='word_1_100' title='bbox 507 1353 562 1418; x_wconf 89' lang='lat' dir='ltr'>sed</span> <span class='ocrx_word' id='word_1_101' title='bbox 598 1351 715 1416; x_wconf 78' lang='lat' dir='ltr'>sufficit</span> <span class='ocrx_word' id='word_1_102' title='bbox 749 1352 1019 1416; x_wconf 89' lang='lat' dir='ltr'>adscribendorum</span> <span class='ocrx_word' id='word_1_103' title='bbox 1057 1354 1234 1434; x_wconf 89' lang='lat' dir='ltr'>praesentia</span> <span class='ocrx_word' id='word_1_104' title='bbox 1267 1373 1369 1419; x_wconf 91' lang='lat' dir='ltr'>coram</span> <span class='ocrx_word' id='word_1_105' title='bbox 1407 1373 1487 1436; x_wconf 89' lang='lat' dir='ltr'>quo·</span> 
     </span>
     <span class='ocr_line' id='line_1_13' title="bbox 238 1456 1486 1544; baseline -0.002 -19"><span class='ocrx_word' id='word_1_106' title='bbox 238 1479 369 1544; x_wconf 90' lang='lat' dir='ltr'>cumque</span> <span class='ocrx_word' id='word_1_107' title='bbox 390 1457 444 1541; x_wconf 91' lang='lat' dir='ltr'>qui</span> <span class='ocrx_word' id='word_1_108' title='bbox 466 1474 658 1540; x_wconf 89' lang='lat' dir='ltr'>quocumque</span> <span class='ocrx_word' id='word_1_109' title='bbox 681 1456 713 1519; x_wconf 91' lang='lat' dir='ltr'>in</span> <span class='ocrx_word' id='word_1_110' title='bbox 735 1456 802 1520; x_wconf 92' lang='lat' dir='ltr'>loco</span> <span class='ocrx_word' id='word_1_111' title='bbox 825 1456 1000 1540; x_wconf 85' lang='lat' dir='ltr'>delegatam</span> <span class='ocrx_word' id='word_1_112' title='bbox 1024 1457 1074 1522; x_wconf 85' lang='lat' dir='ltr'>vel</span> <span class='ocrx_word' id='word_1_113' title='bbox 1090 1457 1324 1542; x_wconf 89' lang='lat' dir='ltr'>subdelegatam</span> <span class='ocrx_word' id='word_1_114' title='bbox 1341 1458 1486 1540; x_wconf 85' lang='lat' dir='ltr'>legitime</span> 
     </span>
     <span class='ocr_line' id='line_1_14' title="bbox 238 1559 1487 1643; baseline -0.003 -15"><span class='ocrx_word' id='word_1_115' title='bbox 238 1563 354 1628; x_wconf 89' lang='lat' dir='ltr'>habeat</span> <span class='ocrx_word' id='word_1_116' title='bbox 376 1561 570 1627; x_wconf 85' lang='lat' dir='ltr'>adscribendi</span> <span class='ocrx_word' id='word_1_117' title='bbox 592 1559 794 1624; x_wconf 82' lang='lat' dir='ltr'>facultatem:</span> <span class='ocrx_word' id='word_1_118' title='bbox 828 1579 887 1623; x_wconf 94' lang='lat' dir='ltr'>non</span> <span class='ocrx_word' id='word_1_119' title='bbox 922 1559 1039 1622; x_wconf 87' lang='lat' dir='ltr'>sufficit</span> <span class='ocrx_word' id='word_1_120' title='bbox 1068 1577 1138 1622; x_wconf 87' lang='lat' dir='ltr'>vero</span> <span class='ocrx_word' id='word_1_121' title='bbox 1161 1559 1300 1637; x_wconf 88' lang='lat' dir='ltr'>moralis,</span> <span class='ocrx_word' id='word_1_122' title='bbox 1331 1561 1487 1643; x_wconf 89' lang='lat' dir='ltr'>interpre-</span> 
     </span>
     <span class='ocr_line' id='line_1_15' title="bbox 237 1659 1488 1746; baseline -0.001 -17"><span class='ocrx_word' id='word_1_123' title='bbox 237 1665 339 1730; x_wconf 86' lang='lat' dir='ltr'>tativa</span> <span class='ocrx_word' id='word_1_124' title='bbox 369 1663 417 1727; x_wconf 86' lang='lat' dir='ltr'>rel</span> <span class='ocrx_word' id='word_1_125' title='bbox 450 1661 716 1745; x_wconf 82' lang='lat' dir='ltr'>repraesentativa</span> <span class='ocrx_word' id='word_1_126' title='bbox 745 1659 920 1742; x_wconf 88' lang='lat' dir='ltr'>praesentia</span> <span class='ocrx_word' id='word_1_127' title='bbox 954 1680 1008 1744; x_wconf 91' lang='lat' dir='ltr'>per</span> <span class='ocrx_word' id='word_1_128' title='bbox 1036 1661 1160 1727; x_wconf 88' lang='lat' dir='ltr'>litteras</span> <span class='ocrx_word' id='word_1_129' title='bbox 1195 1663 1250 1726; x_wconf 91' lang='grc'>111</span> <span class='ocrx_word' id='word_1_130' title='bbox 1284 1663 1344 1728; x_wconf 90' lang='lat' dir='ltr'>alic</span> <span class='ocrx_word' id='word_1_131' title='bbox 1376 1665 1488 1746; x_wconf 81' lang='lat' dir='ltr'>quovis</span> 
     </span>
     <span class='ocr_line' id='line_1_16' title="bbox 238 1764 1487 1851; baseline 0 -18"><span class='ocrx_word' id='word_1_132' title='bbox 238 1767 330 1833; x_wconf 89' lang='lat' dir='ltr'>modo</span> <span class='ocrx_word' id='word_1_133' title='bbox 351 1785 406 1851; x_wconf 91' lang='lat' dir='ltr'>per</span> <span class='ocrx_word' id='word_1_134' title='bbox 427 1765 626 1848; x_wconf 88' lang='lat' dir='ltr'>interpositas</span> <span class='ocrx_word' id='word_1_135' title='bbox 650 1764 744 1827; x_wconf 87' lang='lat' dir='ltr'>etiam</span> <span class='ocrx_word' id='word_1_136' title='bbox 768 1783 932 1846; x_wconf 88' lang='lat' dir='ltr'>personas:</span> <span class='ocrx_word' id='word_1_137' title='bbox 969 1767 1061 1848; x_wconf 89' lang='lat' dir='ltr'>atque</span> <span class='ocrx_word' id='word_1_138' title='bbox 1094 1765 1147 1831; x_wconf 90' lang='lat' dir='ltr'>hic</span> <span class='ocrx_word' id='word_1_139' title='bbox 1181 1767 1260 1832; x_wconf 89' lang='lat' dir='ltr'>alter</span> <span class='ocrx_word' id='word_1_140' title='bbox 1294 1770 1342 1832; x_wconf 90' lang='lat' dir='ltr'>est</span> <span class='ocrx_word' id='word_1_141' title='bbox 1375 1786 1487 1833; x_wconf 90' lang='lat' dir='ltr'>sensus</span> 
     </span>
     <span class='ocr_line' id='line_1_17' title="bbox 238 1867 1487 1954; baseline -0.001 -19"><span class='ocrx_word' id='word_1_142' title='bbox 238 1890 299 1954; x_wconf 91' lang='lat' dir='ltr'>quo</span> <span class='ocrx_word' id='word_1_143' title='bbox 332 1869 372 1935; x_wconf 91' lang='lat' dir='ltr'>ad</span> <span class='ocrx_word' id='word_1_144' title='bbox 402 1869 585 1952; x_wconf 85' lang='lat' dir='ltr'>scriptiones</span> <span class='ocrx_word' id='word_1_145' title='bbox 618 1867 791 1934; x_wconf 84' lang='lat' dir='ltr'>absentium</span> <span class='ocrx_word' id='word_1_146' title='bbox 820 1868 908 1950; x_wconf 86' lang='lat' dir='ltr'>juxta</span> <span class='ocrx_word' id='word_1_147' title='bbox 942 1869 1145 1935; x_wconf 87' lang='lat' dir='ltr'>resolutiones</span> <span class='ocrx_word' id='word_1_148' title='bbox 1178 1869 1209 1934; x_wconf 88' lang='lat' dir='ltr'>in</span> <span class='ocrx_word' id='word_1_149' title='bbox 1243 1870 1429 1936; x_wconf 78' lang='lat' dir='ltr'>Americaua</span> <span class='ocrx_word' id='word_1_150' title='bbox 1453 1872 1487 1935; x_wconf 93' lang='lat' dir='ltr'>et</span> 
     </span>
     <span class='ocr_line' id='line_1_18' title="bbox 234 1971 1486 2060; baseline -0.001 -21"><span class='ocrx_word' id='word_1_151' title='bbox 234 1975 326 2060; x_wconf 91' lang='lat' dir='ltr'>juxta</span> <span class='ocrx_word' id='word_1_152' title='bbox 347 1975 553 2038; x_wconf 90' lang='lat' dir='ltr'>memoratum</span> <span class='ocrx_word' id='word_1_153' title='bbox 584 1972 743 2036; x_wconf 89' lang='lat' dir='ltr'>decretum</span> <span class='ocrx_word' id='word_1_154' title='bbox 774 1971 882 2036; x_wconf 90' lang='lat' dir='ltr'>irritae</span> <span class='ocrx_word' id='word_1_155' title='bbox 916 1975 1007 2051; x_wconf 89' lang='lat' dir='ltr'>sunt,</span> <span class='ocrx_word' id='word_1_156' title='bbox 1043 1992 1079 2038; x_wconf 96' lang='lat' dir='ltr'>ac</span> <span class='ocrx_word' id='word_1_157' title='bbox 1111 1975 1268 2057; x_wconf 88' lang='lat' dir='ltr'>praesenti</span> <span class='ocrx_word' id='word_1_158' title='bbox 1301 1974 1397 2040; x_wconf 88' lang='lat' dir='ltr'>etiam</span> <span class='ocrx_word' id='word_1_159' title='bbox 1430 1975 1486 2038; x_wconf 93' lang='lat' dir='ltr'>In-</span> 
     </span>
     <span class='ocr_line' id='line_1_19' title="bbox 237 2074 1483 2161; baseline 0.001 -18"><span class='ocrx_word' id='word_1_160' title='bbox 237 2079 407 2145; x_wconf 88' lang='lat' dir='ltr'>structione</span> <span class='ocrx_word' id='word_1_161' title='bbox 427 2077 536 2153; x_wconf 90' lang='lat' dir='ltr'>irritae</span> <span class='ocrx_word' id='word_1_162' title='bbox 558 2077 683 2159; x_wconf 90' lang='lat' dir='ltr'>quidem</span> <span class='ocrx_word' id='word_1_163' title='bbox 705 2074 842 2160; x_wconf 87' lang='lat' dir='ltr'>generali</span> <span class='ocrx_word' id='word_1_164' title='bbox 871 2077 969 2160; x_wconf 85' lang='lat' dir='ltr'>lege,¹</span> <span class='ocrx_word' id='word_1_165' title='bbox 995 2077 1049 2142; x_wconf 92' lang='lat' dir='ltr'>sed</span> <span class='ocrx_word' id='word_1_166' title='bbox 1079 2097 1148 2143; x_wconf 88' lang='lat' dir='ltr'>cnm</span> <span class='ocrx_word' id='word_1_167' title='bbox 1177 2079 1395 2161; x_wconf 65' lang='lat' dir='ltr'>infrascriptis</span> <span class='ocrx_word' id='word_1_168' title='bbox 1424 2099 1483 2144; x_wconf 79' lang='lat' dir='ltr'>ex-</span> 
     </span>
     <span class='ocr_line' id='line_1_20' title="bbox 238 2181 1045 2266; baseline -0.006 -20"><span class='ocrx_word' id='word_1_169' title='bbox 238 2181 430 2266; x_wconf 74' lang='lat' dir='ltr'>ceptiornlrns</span> <span class='ocrx_word' id='word_1_170' title='bbox 451 2181 660 2246; x_wconf 87' lang='lat' dir='ltr'>declarantur.</span> <span class='ocrx_word' id='word_1_171' title='bbox 1044 2207 1045 2210; x_wconf 37' lang='lat'>¹</span> 
     </span>
    </p>

    <p class='ocr_par' dir='ltr' id='par_1_4' title="bbox 236 2283 1487 3717">
     <span class='ocr_line' id='line_1_21' title="bbox 341 2283 1487 2368; baseline -0.002 -18"><span class='ocrx_word' id='word_1_172' title='bbox 341 2285 402 2350; x_wconf 89' lang='grc'>111.</span> <span class='ocrx_word' id='word_1_173' title='bbox 448 2284 596 2368; x_wconf 83' lang='lat' dir='ltr'>Quamuis</span> <span class='ocrx_word' id='word_1_174' title='bbox 628 2286 803 2368; x_wconf 85' lang='lat' dir='ltr'>generatim</span> <span class='ocrx_word' id='word_1_175' title='bbox 838 2283 936 2350; x_wconf 92' lang='lat' dir='ltr'>relate</span> <span class='ocrx_word' id='word_1_176' title='bbox 970 2283 1009 2348; x_wconf 93' lang='lat' dir='ltr'>ad</span> <span class='ocrx_word' id='word_1_177' title='bbox 1037 2285 1352 2350; x_wconf 89' lang='lat' dir='ltr'>communicationem</span> <span class='ocrx_word' id='word_1_178' title='bbox 1374 2285 1487 2348; x_wconf 88' lang='lat' dir='ltr'>Indul-</span> 
     </span>
     <span class='ocr_line' id='line_1_22' title="bbox 238 2386 1485 2476; baseline -0.001 -21"><span class='ocrx_word' id='word_1_179' title='bbox 238 2390 414 2476; x_wconf 88' lang='lat' dir='ltr'>gentiarum</span> <span class='ocrx_word' id='word_1_180' title='bbox 436 2408 612 2454; x_wconf 82' lang='lat' dir='ltr'>communes</span> <span class='ocrx_word' id='word_1_181' title='bbox 636 2409 689 2472; x_wconf 89' lang='lat' dir='ltr'>pro</span> <span class='ocrx_word' id='word_1_182' title='bbox 705 2389 814 2472; x_wconf 86' lang='lat' dir='ltr'>quavis</span> <span class='ocrx_word' id='word_1_183' title='bbox 830 2386 984 2453; x_wconf 88' lang='lat' dir='ltr'>Societate</span> <span class='ocrx_word' id='word_1_184' title='bbox 998 2388 1082 2452; x_wconf 87' lang='grc'>11111</span> <span class='ocrx_word' id='word_1_185' title='bbox 1099 2389 1162 2453; x_wconf 91' lang='lat' dir='ltr'>sint</span> <span class='ocrx_word' id='word_1_186' title='bbox 1180 2389 1276 2472; x_wconf 90' lang='lat' dir='ltr'>leges,</span> <span class='ocrx_word' id='word_1_187' title='bbox 1299 2390 1485 2472; x_wconf 90' lang='lat' dir='ltr'>praesertim</span> 
     </span>
     <span class='ocr_line' id='line_1_23' title="bbox 237 2492 1485 2581; baseline -0.001 -23"><span class='ocrx_word' id='word_1_188' title='bbox 237 2495 271 2558; x_wconf 93' lang='lat' dir='ltr'>in</span> <span class='ocrx_word' id='word_1_189' title='bbox 303 2493 530 2560; x_wconf 79' lang='lat' dir='ltr'>Constitutione</span> <span class='ocrx_word' id='word_1_190' title='bbox 572 2493 741 2560; x_wconf 81' lang='lat' dir='ltr'>Clementis</span> <span class='ocrx_word' id='word_1_191' title='bbox 777 2492 861 2581; x_wconf 79' lang='lat' dir='ltr'>viil.</span> <span class='ocrx_word' id='word_1_192' title='bbox 898 2493 1128 2574; x_wconf 75' lang='lat' dir='ltr'>Quaecumque,</span> <span class='ocrx_word' id='word_1_193' title='bbox 1167 2495 1271 2557; x_wconf 88' lang='lat' dir='ltr'>tameo</span> <span class='ocrx_word' id='word_1_194' title='bbox 1309 2492 1408 2557; x_wconf 89' lang='lat' dir='ltr'>relate</span> <span class='ocrx_word' id='word_1_195' title='bbox 1444 2494 1485 2558; x_wconf 89' lang='lat' dir='ltr'>ad</span> 
     </span>
     <span class='ocr_line' id='line_1_24' title="bbox 236 2595 1483 2684; baseline -0.002 -20"><span class='ocrx_word' id='word_1_196' title='bbox 236 2599 340 2684; x_wconf 89' lang='lat' dir='ltr'>legem</span> <span class='ocrx_word' id='word_1_197' title='bbox 363 2597 401 2664; x_wconf 93' lang='lat' dir='ltr'>de</span> <span class='ocrx_word' id='word_1_198' title='bbox 424 2616 483 2663; x_wconf 92' lang='lat' dir='ltr'>nou</span> <span class='ocrx_word' id='word_1_199' title='bbox 505 2597 717 2664; x_wconf 87' lang='lat' dir='ltr'>adscribendis</span> <span class='ocrx_word' id='word_1_200' title='bbox 739 2597 918 2662; x_wconf 76' lang='lat' dir='ltr'>absentibus</span> <span class='ocrx_word' id='word_1_201' title='bbox 947 2595 1074 2679; x_wconf 88' lang='lat' dir='ltr'>ejusque</span> <span class='ocrx_word' id='word_1_202' title='bbox 1106 2596 1314 2678; x_wconf 80' lang='lat' dir='ltr'>exceptiones,</span> <span class='ocrx_word' id='word_1_203' title='bbox 1347 2615 1483 2679; x_wconf 87' lang='lat' dir='ltr'>aequum</span> 
     </span>
     <span class='ocr_line' id='line_1_25' title="bbox 237 2699 1484 2786; baseline -0.004 -18"><span class='ocrx_word' id='word_1_204' title='bbox 237 2703 286 2768; x_wconf 90' lang='lat' dir='ltr'>est</span> <span class='ocrx_word' id='word_1_205' title='bbox 317 2700 507 2786; x_wconf 90' lang='lat' dir='ltr'>distin-gnere</span> <span class='ocrx_word' id='word_1_206' title='bbox 540 2702 622 2766; x_wconf 87' lang='lat' dir='ltr'>inter</span> <span class='ocrx_word' id='word_1_207' title='bbox 655 2699 808 2765; x_wconf 75' lang='lat' dir='ltr'>sodalitia</span> <span class='ocrx_word' id='word_1_208' title='bbox 839 2719 918 2784; x_wconf 90' lang='lat' dir='ltr'>quae</span> <span class='ocrx_word' id='word_1_209' title='bbox 951 2699 1102 2775; x_wconf 88' lang='lat' dir='ltr'>strictiori</span> <span class='ocrx_word' id='word_1_210' title='bbox 1134 2719 1224 2764; x_wconf 90' lang='lat' dir='ltr'>sensu</span> <span class='ocrx_word' id='word_1_211' title='bbox 1256 2699 1397 2784; x_wconf 86' lang='lat' dir='ltr'>Collegia</span> <span class='ocrx_word' id='word_1_212' title='bbox 1419 2701 1484 2766; x_wconf 91' lang='lat' dir='ltr'>dici</span> 
     </span>
     <span class='ocr_line' id='line_1_26' title="bbox 238 2801 1485 2891; baseline 0 -21"><span class='ocrx_word' id='word_1_213' title='bbox 238 2809 378 2891; x_wconf 90' lang='lat' dir='ltr'>possunt,</span> <span class='ocrx_word' id='word_1_214' title='bbox 414 2801 450 2871; x_wconf 87' lang='lat' dir='ltr'>ut</span> <span class='ocrx_word' id='word_1_215' title='bbox 482 2825 548 2872; x_wconf 89' lang='lat' dir='ltr'>esse</span> <span class='ocrx_word' id='word_1_216' title='bbox 581 2806 683 2872; x_wconf 87' lang='lat' dir='ltr'>solent</span> <span class='ocrx_word' id='word_1_217' title='bbox 716 2805 880 2889; x_wconf 89' lang='lat' dir='ltr'>pleraeque</span> <span class='ocrx_word' id='word_1_218' title='bbox 915 2805 1030 2887; x_wconf 89' lang='lat' dir='ltr'>proprii</span> <span class='ocrx_word' id='word_1_219' title='bbox 1050 2805 1181 2869; x_wconf 88' lang='lat' dir='ltr'>nominis</span> <span class='ocrx_word' id='word_1_220' title='bbox 1203 2803 1485 2870; x_wconf 82' lang='lat' dir='ltr'>Confraternitates</span> 
     </span>
     <span class='ocr_line' id='line_1_27' title="bbox 238 2906 1485 2995; baseline -0.001 -21"><span class='ocrx_word' id='word_1_221' title='bbox 238 2909 277 2974; x_wconf 91' lang='lat' dir='ltr'>ad</span> <span class='ocrx_word' id='word_1_222' title='bbox 300 2910 425 2975; x_wconf 87' lang='lat' dir='ltr'>modum</span> <span class='ocrx_word' id='word_1_223' title='bbox 448 2911 585 2995; x_wconf 84' lang='lat' dir='ltr'>organici</span> <span class='ocrx_word' id='word_1_224' title='bbox 612 2910 746 2992; x_wconf 88' lang='lat' dir='ltr'>eorporis</span> <span class='ocrx_word' id='word_1_225' title='bbox 777 2909 982 2984; x_wconf 86' lang='lat' dir='ltr'>constitutae;</span> <span class='ocrx_word' id='word_1_226' title='bbox 1017 2909 1049 2973; x_wconf 89' lang='lat' dir='ltr'>et</span> <span class='ocrx_word' id='word_1_227' title='bbox 1083 2906 1233 2973; x_wconf 86' lang='lat' dir='ltr'>Sodalitis</span> <span class='ocrx_word' id='word_1_228' title='bbox 1263 2927 1342 2991; x_wconf 92' lang='lat' dir='ltr'>quas</span> <span class='ocrx_word' id='word_1_229' title='bbox 1373 2909 1485 2974; x_wconf 85' lang='lat' dir='ltr'>laxiori</span> 
     </span>
     <span class='ocr_line' id='line_1_28' title="bbox 238 3011 1485 3100; baseline 0 -22"><span class='ocrx_word' id='word_1_230' title='bbox 238 3013 328 3078; x_wconf 90' lang='lat' dir='ltr'>modo</span> <span class='ocrx_word' id='word_1_231' title='bbox 350 3013 457 3078; x_wconf 85' lang='lat' dir='ltr'>sociali</span> <span class='ocrx_word' id='word_1_232' title='bbox 479 3013 603 3078; x_wconf 87' lang='lat' dir='ltr'>vinculo</span> <span class='ocrx_word' id='word_1_233' title='bbox 625 3014 829 3097; x_wconf 88' lang='lat' dir='ltr'>colligantur,</span> <span class='ocrx_word' id='word_1_234' title='bbox 862 3013 899 3076; x_wconf 93' lang='lat' dir='ltr'>ut</span> <span class='ocrx_word' id='word_1_235' title='bbox 932 3030 998 3077; x_wconf 88' lang='lat' dir='ltr'>esse</span> <span class='ocrx_word' id='word_1_236' title='bbox 1031 3011 1131 3076; x_wconf 90' lang='lat' dir='ltr'>solent</span> <span class='ocrx_word' id='word_1_237' title='bbox 1154 3012 1257 3094; x_wconf 88' lang='lat' dir='ltr'>plures</span> <span class='ocrx_word' id='word_1_238' title='bbox 1279 3012 1375 3100; x_wconf 89' lang='lat' dir='ltr'>etiarn</span> <span class='ocrx_word' id='word_1_239' title='bbox 1402 3013 1485 3078; x_wconf 81' lang='lat' dir='ltr'>Con-</span> 
     </span>
     <span class='ocr_line' id='line_1_29' title="bbox 238 3114 1484 3202; baseline 0.001 -22"><span class='ocrx_word' id='word_1_240' title='bbox 238 3117 452 3183; x_wconf 86' lang='lat' dir='ltr'>fraternitates</span> <span class='ocrx_word' id='word_1_241' title='bbox 475 3119 507 3181; x_wconf 91' lang='lat' dir='ltr'>et</span> <span class='ocrx_word' id='word_1_242' title='bbox 536 3116 699 3200; x_wconf 86' lang='lat' dir='ltr'>pleraeque</span> <span class='ocrx_word' id='word_1_243' title='bbox 729 3117 799 3198; x_wconf 87' lang='lat' dir='ltr'>piae</span> <span class='ocrx_word' id='word_1_244' title='bbox 827 3115 1075 3191; x_wconf 88' lang='lat' dir='ltr'>Associationes,</span> <span class='ocrx_word' id='word_1_245' title='bbox 1106 3114 1384 3200; x_wconf 76' lang='lat' dir='ltr'>congregationes,</span> <span class='ocrx_word' id='word_1_246' title='bbox 1417 3121 1484 3202; x_wconf 83' lang='lat' dir='ltr'>Ag·</span> 
     </span>
     <span class='ocr_line' id='line_1_30' title="bbox 239 3219 1485 3304; baseline 0.002 -21"><span class='ocrx_word' id='word_1_247' title='bbox 239 3219 454 3304; x_wconf 87' lang='lat' dir='ltr'>gregatioues,</span> <span class='ocrx_word' id='word_1_248' title='bbox 487 3219 620 3304; x_wconf 80' lang='lat' dir='ltr'>[triones</span> <span class='ocrx_word' id='word_1_249' title='bbox 643 3239 680 3284; x_wconf 97' lang='grc'>11</span> <span class='ocrx_word' id='word_1_250' title='bbox 703 3221 759 3284; x_wconf 92' lang='lat' dir='ltr'>Pia</span> <span class='ocrx_word' id='word_1_251' title='bbox 782 3219 898 3302; x_wconf 88' lang='lat' dir='ltr'>Opera,</span> <span class='ocrx_word' id='word_1_252' title='bbox 926 3221 962 3284; x_wconf 92' lang='lat' dir='ltr'>ut</span> <span class='ocrx_word' id='word_1_253' title='bbox 986 3219 1105 3285; x_wconf 84' lang='lat' dir='ltr'>vocant.</span> <span class='ocrx_word' id='word_1_254' title='bbox 1151 3219 1239 3284; x_wconf 88' lang='lat' dir='ltr'>luter</span> <span class='ocrx_word' id='word_1_255' title='bbox 1260 3220 1352 3303; x_wconf 91' lang='lat' dir='ltr'>plura</span> <span class='ocrx_word' id='word_1_256' title='bbox 1372 3220 1485 3285; x_wconf 88' lang='lat' dir='ltr'>discri-</span> 
     </span>
     <span class='ocr_line' id='line_1_31' title="bbox 237 3321 1486 3406; baseline 0.001 -18"><span class='ocrx_word' id='word_1_257' title='bbox 237 3321 324 3388; x_wconf 89' lang='lat' dir='ltr'>mina</span> <span class='ocrx_word' id='word_1_258' title='bbox 345 3342 424 3406; x_wconf 88' lang='lat' dir='ltr'>quae</span> <span class='ocrx_word' id='word_1_259' title='bbox 448 3323 488 3387; x_wconf 92' lang='lat' dir='ltr'>ad</span> <span class='ocrx_word' id='word_1_260' title='bbox 507 3325 700 3406; x_wconf 89' lang='lat' dir='ltr'>praesentem</span> <span class='ocrx_word' id='word_1_261' title='bbox 723 3342 847 3406; x_wconf 88' lang='lat' dir='ltr'>scopum</span> <span class='ocrx_word' id='word_1_262' title='bbox 871 3341 930 3388; x_wconf 92' lang='grc'>111</span> <span class='ocrx_word' id='word_1_263' title='bbox 950 3323 1058 3402; x_wconf 84' lang='lat' dir='ltr'>refert,</span> <span class='ocrx_word' id='word_1_264' title='bbox 1091 3341 1146 3388; x_wconf 87' lang='lat' dir='ltr'>nec</span> <span class='ocrx_word' id='word_1_265' title='bbox 1176 3323 1268 3389; x_wconf 85' lang='lat' dir='ltr'>facile</span> <span class='ocrx_word' id='word_1_266' title='bbox 1296 3326 1358 3402; x_wconf 87' lang='lat' dir='ltr'>est,</span> <span class='ocrx_word' id='word_1_267' title='bbox 1391 3345 1486 3389; x_wconf 89' lang='lat' dir='ltr'>accu-</span> 
     </span>
     <span class='ocr_line' id='line_1_32' title="bbox 238 3426 1485 3513; baseline 0.002 -22"><span class='ocrx_word' id='word_1_268' title='bbox 238 3427 337 3493; x_wconf 87' lang='lat' dir='ltr'>ratius</span> <span class='ocrx_word' id='word_1_269' title='bbox 370 3426 543 3510; x_wconf 89' lang='lat' dir='ltr'>inquirere,</span> <span class='ocrx_word' id='word_1_270' title='bbox 577 3427 655 3492; x_wconf 90' lang='lat' dir='ltr'>illud</span> <span class='ocrx_word' id='word_1_271' title='bbox 689 3427 822 3513; x_wconf 85' lang='lat' dir='ltr'>maxime</span> <span class='ocrx_word' id='word_1_272' title='bbox 856 3427 895 3490; x_wconf 88' lang='lat' dir='ltr'>ad</span> <span class='ocrx_word' id='word_1_273' title='bbox 929 3446 993 3491; x_wconf 91' lang='lat' dir='ltr'>rem</span> <span class='ocrx_word' id='word_1_274' title='bbox 1024 3427 1160 3510; x_wconf 89' lang='lat' dir='ltr'>pertinet</span> <span class='ocrx_word' id='word_1_275' title='bbox 1194 3427 1369 3506; x_wconf 88' lang='lat' dir='ltr'>advertere,</span> <span class='ocrx_word' id='word_1_276' title='bbox 1401 3429 1485 3512; x_wconf 92' lang='lat' dir='ltr'>quod</span> 
     </span>
     <span class='ocr_line' id='line_1_33' title="bbox 237 3521 1485 3614; baseline 0.001 -19"><span class='ocrx_word' id='word_1_277' title='bbox 237 3521 387 3596; x_wconf 87' lang='lat' dir='ltr'>strictiori</span> <span class='ocrx_word' id='word_1_278' title='bbox 421 3549 512 3595; x_wconf 90' lang='lat' dir='ltr'>sensu</span> <span class='ocrx_word' id='word_1_279' title='bbox 548 3526 705 3614; x_wconf 85' lang='lat' dir='ltr'>(lollegia,</span> <span class='ocrx_word' id='word_1_280' title='bbox 737 3549 791 3594; x_wconf 89' lang='lat' dir='ltr'>seu</span> <span class='ocrx_word' id='word_1_281' title='bbox 823 3530 937 3612; x_wconf 90' lang='lat' dir='ltr'>proprii</span> <span class='ocrx_word' id='word_1_282' title='bbox 972 3529 1103 3594; x_wconf 88' lang='lat' dir='ltr'>nominis</span> <span class='ocrx_word' id='word_1_283' title='bbox 1137 3529 1416 3596; x_wconf 79' lang='lat' dir='ltr'>Contraternitates</span> <span class='ocrx_word' id='word_1_284' title='bbox 1451 3535 1485 3596; x_wconf 88' lang='lat' dir='ltr'>et</span> 
     </span>
     <span class='ocr_line' id='line_1_34' title="bbox 237 3632 1484 3717; baseline 0 -18"><span class='ocrx_word' id='word_1_285' title='bbox 237 3632 390 3712; x_wconf 76' lang='lat' dir='ltr'>Sodalitis</span> <span class='ocrx_word' id='word_1_286' title='bbox 413 3653 492 3717; x_wconf 91' lang='lat' dir='ltr'>quae</span> <span class='ocrx_word' id='word_1_287' title='bbox 511 3633 550 3699; x_wconf 89' lang='lat' dir='ltr'>ad</span> <span class='ocrx_word' id='word_1_288' title='bbox 572 3633 643 3697; x_wconf 89' lang='lat' dir='ltr'>illas</span> <span class='ocrx_word' id='word_1_289' title='bbox 665 3634 696 3698; x_wconf 89' lang='lat' dir='ltr'>in</span> <span class='ocrx_word' id='word_1_290' title='bbox 720 3633 866 3717; x_wconf 87' lang='lat' dir='ltr'>organica</span> <span class='ocrx_word' id='word_1_291' title='bbox 888 3633 935 3698; x_wconf 92' lang='lat' dir='ltr'>sui</span> <span class='ocrx_word' id='word_1_292' title='bbox 959 3633 1180 3698; x_wconf 91' lang='lat' dir='ltr'>constitutione</span> <span class='ocrx_word' id='word_1_293' title='bbox 1203 3633 1304 3716; x_wconf 89' lang='lat' dir='ltr'>magis</span> <span class='ocrx_word' id='word_1_294' title='bbox 1320 3634 1484 3714; x_wconf 88' lang='lat' dir='ltr'>accedunt,</span> 
     </span>
    </p>
   </div>
   <div class='ocr_carea' id='block_1_3' title="bbox 143 3734 1482 3821">
    <p class='ocr_par' dir='ltr' id='par_1_5' title="bbox 143 3734 1482 3821">
     <span class='ocr_line' id='line_1_35' title="bbox 143 3734 1482 3821; baseline 0 -18"><span class='ocrx_word' id='word_1_295' title='bbox 143 3773 150 3787; x_wconf 94' lang='lat'><strong>·</strong></span> <span class='ocrx_word' id='word_1_296' title='bbox 238 3738 358 3804; x_wconf 88' lang='lat' dir='ltr'>soleant</span> <span class='ocrx_word' id='word_1_297' title='bbox 387 3737 483 3804; x_wconf 89' lang='lat' dir='ltr'>etiam</span> <span class='ocrx_word' id='word_1_298' title='bbox 506 3735 595 3821; x_wconf 88' lang='lat' dir='ltr'>juxta</span> <span class='ocrx_word' id='word_1_299' title='bbox 617 3737 755 3819; x_wconf 89' lang='lat' dir='ltr'>proprias</span> <span class='ocrx_word' id='word_1_300' title='bbox 777 3736 863 3820; x_wconf 89' lang='lat' dir='ltr'>leges</span> <span class='ocrx_word' id='word_1_301' title='bbox 886 3753 940 3819; x_wconf 90' lang='lat' dir='ltr'>pro</span> <span class='ocrx_word' id='word_1_302' title='bbox 963 3734 1122 3801; x_wconf 86' lang='lat' dir='ltr'>Sodalium</span> <span class='ocrx_word' id='word_1_303' title='bbox 1144 3737 1343 3819; x_wconf 86' lang='lat' dir='ltr'>inscriptione</span> <span class='ocrx_word' id='word_1_304' title='bbox 1364 3739 1482 3802; x_wconf 89' lang='lat' dir='ltr'>certam</span> 
     </span>
    </p>
   </div>
   <div class='ocr_carea' id='block_1_4' title="bbox 236 3838 1484 4550">
    <p class='ocr_par' dir='ltr' id='par_1_6' title="bbox 236 3838 1484 4550">
     <span class='ocr_line' id='line_1_36' title="bbox 239 3838 1484 3924; baseline -0.002 -18"><span class='ocrx_word' id='word_1_305' title='bbox 239 3841 374 3924; x_wconf 86' lang='lat' dir='ltr'>aliquam</span> <span class='ocrx_word' id='word_1_306' title='bbox 395 3842 507 3908; x_wconf 87' lang='lat' dir='ltr'>habere</span> <span class='ocrx_word' id='word_1_307' title='bbox 529 3841 659 3906; x_wconf 85' lang='lat' dir='ltr'>formam</span> <span class='ocrx_word' id='word_1_308' title='bbox 683 3860 752 3905; x_wconf 91' lang='lat' dir='ltr'>cnm</span> <span class='ocrx_word' id='word_1_309' title='bbox 775 3839 881 3924; x_wconf 90' lang='lat' dir='ltr'>aliqua</span> <span class='ocrx_word' id='word_1_310' title='bbox 903 3838 1100 3905; x_wconf 89' lang='lat' dir='ltr'>solemnitate</span> <span class='ocrx_word' id='word_1_311' title='bbox 1121 3859 1157 3905; x_wconf 87' lang='lat' dir='ltr'>ac</span> <span class='ocrx_word' id='word_1_312' title='bbox 1184 3840 1265 3919; x_wconf 89' lang='lat' dir='ltr'>ritu,</span> <span class='ocrx_word' id='word_1_313' title='bbox 1296 3840 1332 3904; x_wconf 91' lang='lat' dir='ltr'>ut</span> <span class='ocrx_word' id='word_1_314' title='bbox 1356 3840 1484 3924; x_wconf 90' lang='lat' dir='ltr'>publica</span> 
     </span>
     <span class='ocr_line' id='line_1_37' title="bbox 238 3942 1481 4030; baseline 0 -20"><span class='ocrx_word' id='word_1_315' title='bbox 238 3945 472 4011; x_wconf 88' lang='lat' dir='ltr'>candidatorum</span> <span class='ocrx_word' id='word_1_316' title='bbox 495 3944 605 4029; x_wconf 91' lang='lat' dir='ltr'>petitio</span> <span class='ocrx_word' id='word_1_317' title='bbox 628 3963 666 4009; x_wconf 90' lang='grc'>11</span> <span class='ocrx_word' id='word_1_318' title='bbox 686 3942 912 4027; x_wconf 89' lang='lat' dir='ltr'>praesentatio,</span> <span class='ocrx_word' id='word_1_319' title='bbox 942 3943 1084 4027; x_wconf 90' lang='lat' dir='ltr'>probatio</span> <span class='ocrx_word' id='word_1_320' title='bbox 1114 3943 1220 4028; x_wconf 90' lang='lat' dir='ltr'>aliqua</span> <span class='ocrx_word' id='word_1_321' title='bbox 1247 3944 1280 4008; x_wconf 92' lang='lat' dir='ltr'>et</span> <span class='ocrx_word' id='word_1_322' title='bbox 1301 3943 1481 4030; x_wconf 86' lang='lat' dir='ltr'>novitiatus,</span> 
     </span>
     <span class='ocr_line' id='line_1_38' title="bbox 237 4046 1483 4132; baseline -0.002 -18"><span class='ocrx_word' id='word_1_323' title='bbox 237 4048 287 4114; x_wconf 88' lang='lat' dir='ltr'>vel</span> <span class='ocrx_word' id='word_1_324' title='bbox 301 4048 414 4115; x_wconf 88' lang='lat' dir='ltr'>saltem</span> <span class='ocrx_word' id='word_1_325' title='bbox 430 4048 584 4132; x_wconf 88' lang='lat' dir='ltr'>impositio</span> <span class='ocrx_word' id='word_1_326' title='bbox 601 4047 735 4125; x_wconf 87' lang='lat' dir='ltr'>babitus,</span> <span class='ocrx_word' id='word_1_327' title='bbox 757 4046 939 4131; x_wconf 91' lang='lat' dir='ltr'>scapularis,</span> <span class='ocrx_word' id='word_1_328' title='bbox 964 4046 1133 4126; x_wconf 88' lang='lat' dir='ltr'>cincturae,</span> <span class='ocrx_word' id='word_1_329' title='bbox 1157 4065 1235 4129; x_wconf 92' lang='lat' dir='ltr'>quae</span> <span class='ocrx_word' id='word_1_330' title='bbox 1256 4048 1354 4110; x_wconf 91' lang='lat' dir='ltr'>exsui</span> <span class='ocrx_word' id='word_1_331' title='bbox 1368 4049 1483 4112; x_wconf 85' lang='lat' dir='ltr'>natura</span> 
     </span>
     <span class='ocr_line' id='line_1_39' title="bbox 236 4149 1484 4237; baseline -0.002 -19"><span class='ocrx_word' id='word_1_332' title='bbox 236 4154 430 4237; x_wconf 88' lang='lat' dir='ltr'>personalem</span> <span class='ocrx_word' id='word_1_333' title='bbox 453 4152 661 4237; x_wconf 89' lang='lat' dir='ltr'>praesentiam</span> <span class='ocrx_word' id='word_1_334' title='bbox 691 4150 862 4234; x_wconf 90' lang='lat' dir='ltr'>requirunt.</span> <span class='ocrx_word' id='word_1_335' title='bbox 914 4149 982 4216; x_wconf 89' lang='lat' dir='ltr'>Pro</span> <span class='ocrx_word' id='word_1_336' title='bbox 1007 4151 1186 4235; x_wconf 87' lang='lat' dir='ltr'>hujusmodi</span> <span class='ocrx_word' id='word_1_337' title='bbox 1218 4151 1325 4233; x_wconf 87' lang='lat' dir='ltr'>itaque</span> <span class='ocrx_word' id='word_1_338' title='bbox 1360 4149 1484 4216; x_wconf 86' lang='lat' dir='ltr'>Sodali-</span> 
     </span>
     <span class='ocr_line' id='line_1_40' title="bbox 237 4254 1484 4341; baseline -0.003 -18"><span class='ocrx_word' id='word_1_339' title='bbox 237 4256 356 4324; x_wconf 88' lang='lat' dir='ltr'>tatibus</span> <span class='ocrx_word' id='word_1_340' title='bbox 379 4257 598 4341; x_wconf 87' lang='lat' dir='ltr'>cujuscumque</span> <span class='ocrx_word' id='word_1_341' title='bbox 620 4257 683 4320; x_wconf 89' lang='lat' dir='ltr'>sint</span> <span class='ocrx_word' id='word_1_342' title='bbox 703 4255 845 4332; x_wconf 89' lang='lat' dir='ltr'>nominis,</span> <span class='ocrx_word' id='word_1_343' title='bbox 867 4254 952 4320; x_wconf 90' lang='lat' dir='ltr'>nulla</span> <span class='ocrx_word' id='word_1_344' title='bbox 974 4255 1127 4339; x_wconf 86' lang='lat' dir='ltr'>praesenti</span> <span class='ocrx_word' id='word_1_345' title='bbox 1150 4254 1361 4320; x_wconf 88' lang='lat' dir='ltr'>declaratione</span> <span class='ocrx_word' id='word_1_346' title='bbox 1389 4255 1484 4320; x_wconf 88' lang='lat' dir='ltr'>datur</span> 
     </span>
     <span class='ocr_line' id='line_1_41' title="bbox 237 4356 1482 4446; baseline -0.001 -19"><span class='ocrx_word' id='word_1_347' title='bbox 237 4361 393 4446; x_wconf 89' lang='lat' dir='ltr'>generalis</span> <span class='ocrx_word' id='word_1_348' title='bbox 413 4378 451 4427; x_wconf 87' lang='grc'>11</span> <span class='ocrx_word' id='word_1_349' title='bbox 473 4359 628 4442; x_wconf 89' lang='lat' dir='ltr'>ordinaria</span> <span class='ocrx_word' id='word_1_350' title='bbox 650 4357 787 4440; x_wconf 90' lang='lat' dir='ltr'>exceptio</span> <span class='ocrx_word' id='word_1_351' title='bbox 809 4376 829 4421; x_wconf 91' lang='lat' dir='ltr'>a</span> <span class='ocrx_word' id='word_1_352' title='bbox 847 4357 917 4440; x_wconf 89' lang='lat' dir='ltr'>lege</span> <span class='ocrx_word' id='word_1_353' title='bbox 930 4356 970 4422; x_wconf 92' lang='lat' dir='ltr'>de</span> <span class='ocrx_word' id='word_1_354' title='bbox 985 4377 1045 4423; x_wconf 92' lang='lat' dir='ltr'>non</span> <span class='ocrx_word' id='word_1_355' title='bbox 1062 4358 1273 4424; x_wconf 88' lang='lat' dir='ltr'>adscribendis</span> <span class='ocrx_word' id='word_1_356' title='bbox 1288 4358 1482 4426; x_wconf 76' lang='lat' dir='ltr'>absentibus:</span> 
     </span>
     <span class='ocr_line' id='line_1_42' title="bbox 237 4460 1483 4550; baseline -0.002 -20"><span class='ocrx_word' id='word_1_357' title='bbox 237 4467 363 4531; x_wconf 88' lang='lat' dir='ltr'>tantum</span> <span class='ocrx_word' id='word_1_358' title='bbox 391 4462 570 4529; x_wconf 89' lang='lat' dir='ltr'>conceditur</span> <span class='ocrx_word' id='word_1_359' title='bbox 601 4480 708 4529; x_wconf 90' lang='lat' dir='ltr'>earum</span> <span class='ocrx_word' id='word_1_360' title='bbox 738 4460 986 4541; x_wconf 84' lang='lat' dir='ltr'>Moderatoribus</span> <span class='ocrx_word' id='word_1_361' title='bbox 1016 4479 1183 4548; x_wconf 90' lang='lat' dir='ltr'>earumque</span> <span class='ocrx_word' id='word_1_362' title='bbox 1207 4462 1367 4550; x_wconf 87' lang='lat' dir='ltr'>Delegatis</span> <span class='ocrx_word' id='word_1_363' title='bbox 1390 4465 1426 4530; x_wconf 91' lang='lat' dir='ltr'>ut</span> <span class='ocrx_word' id='word_1_364' title='bbox 1449 4465 1483 4529; x_wconf 93' lang='lat' dir='ltr'>in</span> 
     </span>
    </p>
   </div>
   <div class='ocr_carea' id='block_1_5' title="bbox 0 0 1610 4853">
    <p class='ocr_par' dir='ltr' id='par_1_7' title="bbox 0 0 1610 4853">
     <span class='ocr_line' id='line_1_43' title="bbox 0 0 1610 4853; baseline 0 0"><span class='ocrx_word' id='word_1_365' title='bbox 0 0 1610 4853; x_wconf 95' lang='lat' dir='ltr'> </span> 
     </span>
    </p>
   </div>
  </div>
 </body>
</html>
