3209 4859
405 186 489 244 Decr.
509 204 532 244 s.
552 184 663 258 138888.
682 184 806 257 181818.
826 188 877 241 dd.
897 184 944 242 26.
961 186 1037 243 Νου.
1057 184 1144 243 1880.
1332 166 1397 237 207

330 382 359 445 5.
392 376 507 479 Deerat
528 398 553 445 s.
579 375 690 459 08888.
713 376 839 461 1881818.
863 377 916 444 11.
940 381 996 444 26.
1020 376 1099 444 Neo.
1124 381 1218 443 1880.

578 494 720 567 URBIS
742 498 802 564 ΕΤ
824 496 971 566 ORBIS.

427 617 595 685 Declaratio
617 619 733 685 1188811
757 618 814 685 1181
837 618 883 687 13.
904 619 1012 701 Aprilis
1034 617 1124 685 1878.

503 738 570 809 (Cir.
589 739 699 805 Archiv,
717 740 769 794 vol.
788 740 830 795 41.
849 757 912 811 pag.
932 741 983 796 184
1001 741 1052 818 88)

293 862 343 929 De
364 882 427 929 888
450 862 668 929 describendis
690 862 734 928 81
752 864 829 945 pios
850 862 1042 929 Sodalitotes
1062 864 1262 946 1188811188.

255 981 357 1064 Quum
391 982 530 1048 fidelium
562 982 621 1065 piis
654 982 880 1048 Sodalitatibus
910 982 1078 1066 adscriptio
1106 1003 1160 1067 per
1191 1003 1224 1050 se
1244 985 1333 1050 actus
1355 966 1398 1051 sit

152 1088 325 1172 Religionis
348 1089 380 1152 et
402 1088 542 1171 pietatis,
574 1086 648 1152 adeo
679 1090 715 1152 ut
743 1087 809 1152 dies
832 1106 893 1171 qua
915 1087 1017 1153 fidelis
1039 1088 1108 1173 piae
1131 1089 1226 1155 alicui
1249 1088 1397 1155 Societati

150 1192 331 1258 inscribitur
353 1192 534 1275 plerumque
555 1210 573 1255 a
596 1190 711 1256 Sancta
738 1189 816 1256 Sede
839 1190 1048 1275 Indulgentiis
1077 1192 1181 1258 ditata
1214 1192 1271 1271 sit,
1307 1194 1398 1259 decet

152 1297 276 1362 omnino
298 1298 333 1361 ut
354 1297 422 1380 ipsa
444 1294 603 1378 inscriptio
625 1295 704 1361 serio
728 1314 764 1361 88
793 1294 903 1361 devote
935 1298 1019 1361 certo
1041 1297 1144 1379 aliquo
1167 1297 1258 1362 modo
1281 1296 1338 1362 fiat
1361 1316 1397 1362 88

151 1400 258 1466 debita
280 1400 387 1465 forma.
426 1400 619 1483 Quamquam
642 1418 713 1464 vero
737 1398 775 1462 ud
799 1398 857 1463 hoe
878 1418 934 1481 per
956 1416 989 1463 88
1012 1417 1070 1465 888
1095 1399 1270 1483 requiratur
1292 1418 1398 1465 neces·

150 1503 232 1569 sario
248 1504 430 1584 percurratis
452 1505 654 1585 praeseutia,
687 1520 782 1584 quum
816 1502 911 1566 etiam
943 1502 1128 1585 gravissima
1157 1504 1283 1588 negotia
1315 1506 1399 1570 iuter

150 1607 292 1673 81888188
310 1625 364 1690 per
386 1605 510 1670 litteras
534 1604 581 1669 rel
604 1604 819 1685 interpositam
842 1623 1004 1686 personam
1019 1606 1125 1689 perfici
1140 1607 1269 1689 possint,
1292 1608 1398 1675 tamen

149 1711 220 1795 ipsa
243 1709 411 1793 personalis
434 1708 610 1793 praesentia
633 1726 668 1772 ex
693 1707 831 1791 generali
860 1708 971 1792 regula
997 1708 1068 1791 jure
1097 1709 1247 1794 exigitur,
1277 1712 1315 1776 ut
1343 1711 1399 1776 ad-

152 1814 380 1880 scribendorum
405 1812 560 1879 devotioni
581 1812 685 1896 potius
708 1830 803 1895 quam
824 1830 950 1878 numero
972 1812 1167 1892 consulatur,
1198 1831 1235 1879 ac
1259 1815 1398 1899 pluribus

154 1920 302 1984 abusibus
322 1918 373 1983 via
400 1916 630 2001 praecludatur.
687 1915 849 1982 Generalis
883 1917 958 1982 baec
993 1918 1102 2001 regula
1139 1918 1177 1983 ab
1212 1917 1271 1983 bac
1304 1918 1398 1986 Sacra

152 2022 399 2108 Congregatione
432 2022 466 2087 in
502 2020 687 2086 Americana
722 2020 802 2085 Novi
835 2021 937 2105 Regni
966 2014 1399 2107 Η188881811182818811ζ

153 2127 236 2192 1761
258 2126 406 2205 18118818,
430 2126 595 2192 nouissime
617 2126 740 2191 decreto
762 2125 855 2191 Urbis
875 2127 907 2190 et
926 2124 1018 2191 Orbis
1038 2125 1099 2191 diei
1126 2127 1173 2192 13.
1192 2127 1291 2211 April.
1313 2128 1397 2193 1878

150 2232 327 2296 instaurata
350 2224 399 2295 881
420 2230 665 2295 acconfirmata.
712 2228 771 2294 Sed
803 2248 841 2294 88
870 2228 1042 2312 generatim
1066 2229 1098 2294 in
1121 2249 1176 2295 suo
1198 2230 1306 2296 robore
1328 2251 1397 2297 ma-

152 2337 246 2400 nente
267 2334 371 2419 plures
394 2352 467 2399 sane
490 2334 681 2417 exceptiones
704 2333 805 2398 locum
829 2334 942 2399 habere
963 2333 1103 2417 possunt,
1127 2334 1176 2399 vel
1194 2353 1230 2399 ex
1249 2334 1396 2418 peculiari

152 2437 362 2504 Sodalitatum
392 2436 597 2521 quarumdam
628 2436 848 2502 constitutione
871 2456 950 2521 qaae
972 2456 1029 2501 sua
1052 2439 1165 2502 natura
1187 2438 1398 2522 exceptionem

151 2543 309 2627 postulare
331 2542 469 2621 videtur,
497 2542 547 2607 vel
570 2561 605 2608 er
628 2534 814 2626 specialibus
837 2542 1043 2624 quarumdam
1067 2542 1259 2626 privilegiis,
1290 2543 1345 2609 vel·
1362 2564 1398 2610 ex
1456 2626 1459 2629 ῃ

152 2646 331 2711 extrinsecis
355 2644 614 2722 circumstantiis,
646 2645 696 2709 vel
729 2664 764 2709 ex
794 2645 930 2729 benigna
957 2645 1128 2727 apostolica
1152 2645 1397 2729 dispensatione:

152 2750 288 2833 adeoque
310 2749 414 2832 plures
437 2749 658 2827 dubitationes,
681 2749 840 2832 multoque
859 2748 962 2832 plures
984 2748 1148 2832 petitiones
1164 2767 1218 2833 pro
1233 2742 1397 2816 favorabili

151 2852 329 2936 exceptione
363 2852 402 2917 ad
431 2854 509 2919 banc
530 2853 658 2919 Sacram
681 2852 952 2936 Indulgentiarum
976 2853 1255 2937 Congregationem
1276 2854 1398 2921 1818188

151 2960 235 3025 sunt.
281 2957 399 3038 Quibus
419 2958 561 3022 omnibus
584 2961 706 3023 mature
727 2958 902 3040 perpensis,
938 2957 1041 3021 Emmi
1075 2958 1185 3022 Patres
1216 2955 1320 3023 Sacris
1340 2958 1396 3022 ln·

151 3062 323 3146 dulgentiis
349 3061 520 3147 praepositi
554 3063 586 3126 in
622 3061 868 3146 congregatione
902 3060 1039 3144 generali
1074 3061 1182 3126 habita
1214 3061 1248 3126 in
1281 3062 1398 3146 palatio

151 3168 330 3251 Apostolico
354 3168 506 3232 Vaticano
533 3166 582 3233 die
615 3167 664 3230 14.
688 3167 776 3233 Junii
798 3166 883 3232 1880
906 3165 1144 3248 rescripserunt:
1169 3166 1398 3233 1188888188-

151 3273 247 3336 88818
270 3272 392 3337 decreto
415 3271 476 3336 diei
502 3271 552 3335 13.
577 3270 674 3353 April.
695 3271 801 3349 1878,
825 3269 929 3334 dubiis
952 3269 984 3333 et
1006 3269 1207 3352 petitionibus
1232 3269 1398 3354 propositis

151 3374 374 3458 prouidendum
397 3393 462 3441 esse
485 3394 539 3458 per
558 3374 730 3458 appositam
748 3374 987 3439 instructionem
1008 3376 1041 3439 81
1055 3373 1268 3457 dispositivam
1285 3373 1398 3439 Decla-

151 3478 304 3544 rationem
331 3480 421 3564 juxta
450 3481 585 3545 mentem
608 3479 770 3563 panditam
793 3480 832 3543 ab
855 3479 974 3543 limmis
997 3478 1145 3545 Patribus
1167 3466 1199 3542 18
1221 3477 1289 3561 1888
1313 3476 1397 3543 Gon-

153 3584 333 3668 gregatione
356 3604 409 3667 pro
431 3584 609 3668 opportunis
631 3583 871 3667 exceptionibus.

257 3689 282 3753 l.
328 3688 432 3753 Primo
469 3690 576 3773 itaque
611 3689 700 3773 juxta
733 3690 869 3753 mentem
905 3686 1225 3751 Eminentissimorum
1266 3685 1397 3750 Patmm

153 3790 407 3876 distinguendum
431 3795 479 3858 est
500 3794 581 3857 inter
602 3792 790 3858 Sodalitates
814 3810 868 3875 pm
890 3791 1032 3857 universo
1055 3791 1127 3855 orbe
1157 3790 1330 3868 cat-bolico,
1363 3808 1399 3855 88
1488 3805 1496 3821 ·

152 3894 340 3961 Sodalitates
371 3916 424 3981 pro
458 3900 543 3963 certa
577 3898 699 3962 tantum
720 3896 858 3961 Dioecesi
883 3895 932 3961 vel
951 3896 1077 3979 regione
1099 3894 1244 3960 canonice
1267 3896 1398 3973 erectas,
1447 3933 1449 3936 -

150 4002 249 4066 relate
272 4000 407 4085 adquae
430 4002 552 4083 fideles,
582 4001 634 4086 qui
658 4001 744 4065 extra
766 4000 884 4066 limites
906 3999 998 4076 locali
1021 3997 1189 4064 Sodalitati
1212 3999 1399 4064 constitutos

152 4108 396 4185 commorantur,
425 4104 564 4172 81888188
587 4105 749 4183 dicuntur,
782 4106 844 4168 imo
868 4122 937 4168 vero
961 4121 1020 4167 non
1042 4103 1227 4184 simpliciter
1248 4103 1397 4181 81888188,

152 4208 207 4274 881
234 4209 329 4274 etiarn
360 4212 503 4276 extranei
538 4210 600 4276 diei
635 4210 772 4292 possunt.
831 4206 1018 4291 Hujusmodi
1053 4207 1169 4271 locales
1199 4205 1398 4285 Sodalitates‚

152 4313 418 4397 quemadmodum,
449 4334 493 4381 ex.
527 4334 572 4399 gr.
606 4312 854 4380 confraternitas
876 4311 909 4377 Β.
933 4311 978 4375 M.
1000 4312 1037 4377 V.
1062 4309 1326 4393 Guadalupensis,
1358 4309 1397 4373 de

152 4436 214 4501 qua
236 4436 335 4484 sermo
356 4420 403 4484 est
426 4418 458 4483 in
481 4417 666 4483 Americana
697 4415 778 4482 Novi
811 4415 911 4500 Regni
939 4414 1119 4499 Hispanici,
1154 4415 1186 4479 in
1218 4413 1398 4479 Confratrcs

153 4520 320 4588 admittere
345 4523 500 4606 nequeunt
535 4522 676 4588 81888188
712 4521 799 4586 extra
830 4519 948 4586 limites
981 4518 1185 4585 Sodalitatis:
1220 4518 1313 4599 atquo
1347 4514 1398 4579 bic
