3209 4859
213 146 276 213 202
437 165 603 235 Eacycta'ce
622 166 736 222 Leonis
754 168 815 222 PP.
833 169 918 223 XIII.
937 170 988 223 dd.
1007 170 1034 223 3.
1057 168 1126 224 Dec.
1145 168 1231 223 1880.

213 336 382 421 magistros
405 338 460 402 aut
481 336 648 403 fastidiunt
671 340 727 403 aut
747 359 871 422 prorsus
893 359 954 406 non
978 343 1143 419 noverunt,
1176 360 1345 425 puramque
1374 339 1460 405 veri-

213 442 289 507 tatis
310 439 410 507 lucem
431 440 571 519 inhiant,
595 460 685 525 saepe
707 442 863 508 bominem
886 463 947 509 nou
970 444 1124 524 habeant,
1157 464 1176 511 a
1205 463 1263 529 quo
1287 464 1364 509 sana
1387 445 1460 509 doc-

213 542 297 609 triua
328 543 509 610 erudiantur
541 547 571 610 et
603 545 643 608 ad
677 545 835 611 Ecclesiae
869 546 970 611 sinum
1004 546 1191 613 irrotantur.
1236 548 1315 613 Vere
1338 548 1461 633 parvuli

213 649 325 731 petunt
347 667 476 733 panem,
499 650 531 713 et
551 668 610 714 non
633 650 681 713 est
703 651 756 732 qui
777 650 903 733 frangat
924 651 985 728 eis;
1016 654 1157 735 regiones
1187 651 1276 718 albae
1310 656 1385 718 sunt
1419 652 1460 718 ad

214 770 355 831 messem,
379 751 500 818 ethaeo
516 752 639 836 quidem
655 754 764 833 multa,
787 754 918 837 operarii
933 757 1038 819 autem
1056 755 1157 838 pauci,
1180 758 1338 838 pauciores
1354 758 1460 822 forsan

214 855 390 940 propediem
410 856 517 922 futuri.

222 1045 224 1047 Ι
318 959 403 1041 Quae
427 980 496 1026 oum
518 961 565 1025 ita
587 960 666 1055 siut,
701 962 901 1028 Venerabiles
923 963 1067 1040 Fratres,
1097 964 1205 1029 Nostri
1232 965 1369 1030 muneris
1393 984 1460 1029 esse

215 1063 366 1145 ducimus,
389 1065 449 1150 piis
472 1065 583 1130 studiis
606 1066 792 1149 caritatique
808 1067 1047 1133 christianorum
1067 1067 1230 1134 admovere
1248 1069 1403 1147 stimulos,
1424 1070 1461 1133 ut

214 1186 276 1250 qua
298 1168 455 1251 precibus,
488 1188 549 1253 qua
570 1169 790 1253 largitionibus
815 1188 973 1235 sacrarum
996 1170 1177 1235 missionum
1200 1189 1276 1252 opus
1296 1171 1405 1254 juvare
1428 1174 1461 1237 et

214 1270 287 1335 fidei
314 1272 528 1356 propagationi
557 1273 659 1337 favere
690 1273 889 1339 contendant.
936 1274 1032 1357 Cujus
1070 1275 1114 1338 rei
1146 1276 1263 1356 quanta
1294 1275 1338 1339 sit
1370 1294 1461 1358 prae·

214 1376 341 1454 stantia,
365 1395 435 1441 cum
459 1378 539 1443 bona
562 1376 729 1443 ostendunt
749 1396 830 1460 quae
852 1377 900 1442 illi
920 1378 1080 1461 proposita
1095 1378 1178 1456 suut,
1203 1381 1271 1443 tum
1295 1397 1372 1461 qnae
1387 1378 1462 1443 inde

215 1480 426 1564 percipiuntur
448 1481 629 1565 compendia
652 1484 684 1547 et
704 1481 835 1547 tructus.
881 1482 977 1547 Recte
1006 1484 1088 1547 enim
1111 1483 1213 1546 tendit
1236 1484 1379 1548 sanctum
1401 1483 1463 1547 hoc

215 1603 291 1668 opus
313 1586 352 1651 ad
377 1586 510 1669 gloriam
532 1586 630 1651 divini
652 1586 784 1651 nominis
809 1587 840 1650 et
862 1584 980 1650 Obristi
1002 1604 1131 1668 regnum
1153 1584 1405 1667 amplificandum
1427 1586 1461 1649 in

216 1688 325 1765 terris;
356 1688 578 1753 incredibiliter
606 1690 711 1753 autern
734 1688 905 1754 beneficum
930 1689 1054 1767 estiis,
1087 1689 1139 1771 qui
1159 1708 1175 1755 e
1199 1689 1344 1753 vitiorum
1366 1706 1462 1753 coeno

216 1793 248 1857 et
271 1792 380 1857 umbra
402 1792 511 1857 mortis
534 1796 708 1871 evocantur,
733 1800 765 1858 et
787 1795 1004 1876 praeterquam
1027 1792 1107 1876 quod
1128 1793 1238 1858 salutis
1253 1792 1461 1876 sempiternae

216 1898 371 1979 compotes
391 1896 470 1960 fiunt
494 1896 532 1961 ab
556 1898 674 1981 agresti
696 1896 783 1963 cultu
806 1897 940 1979 ferisque
967 1897 1105 1961 moribus
1138 1897 1178 1962 ad
1208 1915 1329 1962 ornnem
1359 1895 1461 1960 ciuilis

216 1999 299 2065 vitae
321 2000 547 2065 humanitatem
570 2000 786 2067 traducuntur.
822 2000 903 2081 Quin
926 2000 1022 2065 etiam
1045 2001 1083 2064 iis
1104 2000 1178 2083 ipsis
1198 2003 1247 2065 est
1267 2000 1357 2065 raldo
1382 1998 1460 2063 utile

121 2187 123 2190 ι
217 2122 253 2168 ac
268 2103 485 2184 fructuosum,
517 2123 647 2189 quorum
671 2104 704 2168 in
725 2124 760 2170 eo
783 2105 905 2187 aliquae
927 2106 1000 2170 sunt
1023 2106 1144 2188 partes,
1181 2124 1250 2170 oum
1277 2102 1460 2188 spirituales

215 2206 279 2271 illis
301 2207 427 2298 divitias
451 2211 623 2293 comparet,
652 2210 799 2292 praebeat
832 2209 996 2275 materiam
1017 2210 1137 2289 meriti,
1172 2211 1204 2277 et
1236 2210 1337 2275 Deum
1371 2208 1461 2292 quasi

216 2311 357 2400 beneficii
379 2312 548 2378 debitorem
573 2314 760 2397 adstringat.
1114 2330 1118 2338 ·

320 2414 382 2480 Vos
398 2416 504 2501 igitur,
528 2416 727 2483 venerabiles
743 2418 879 2496 Fratres,
901 2418 934 2481 in
949 2420 1070 2501 partem
1085 2415 1310 2484 sollicitudines
1325 2419 1462 2485 Nostrae

218 2522 342 2587 vocatos
365 2521 459 2587 etiam
482 2523 575 2606 atque
598 2523 693 2589 etiam
717 2521 887 2601 hortamur,
917 2524 952 2586 nt
974 2521 1175 2586 concordibus
1198 2521 1309 2587 animis
1332 2524 1461 2605 aposte-

216 2626 294 2691 licae
325 2615 487 2693 missiones
514 2626 620 2692 sedulo
650 2627 907 2710 vehementerque
930 2626 1079 2710 adjuvare
1103 2626 1273 2692 Nobiscum
1296 2626 1462 2706 studeatis,

217 2730 331 2795 fiducia
356 2730 390 2795 in
417 2730 517 2797 Deum
546 2730 640 2795 erecti
671 2732 702 2795 et
724 2731 812 2796 nulla
836 2730 1024 2796 difficultate
1047 2730 1197 2798 deterriti.
1243 2728 1332 2796 Salus
1355 2730 1462 2814 agitur

219 2835 408 2915 animorum,
434 2836 520 2920 cujus
544 2837 588 2901 rei
613 2855 705 2901 causa
727 2836 915 2920 Redemptor
939 2837 1053 2901 Noster
1075 2836 1211 2901 animam
1234 2854 1322 2900 suam
1346 2835 1460 2918 posuit,

218 2942 250 3005 ot
272 2940 336 3005 Nos
359 2928 525 3025 Episcopus
545 2941 577 3006 et
599 2940 773 3006 sacerdotes
803 2940 890 3005 dedit
912 2940 945 3004 in
968 2959 1044 3023 opus
1066 2940 1243 3004 sanctorum
1263 2938 1295 3003 in
1318 2957 1463 3004 consum-

219 3043 387 3109 mationem
408 3046 540 3128 corporis
563 3046 620 3112 sui.
667 3044 768 3125 Quare
803 3045 926 3111 retenta
957 3044 1033 3109 licet
1065 3063 1101 3109 ea
1132 3042 1267 3108 statione
1294 3042 1462 3126 gregisque

219 3148 359 3215 custodia
381 3168 474 3231 quam
497 3148 607 3231 cuique
629 3148 713 3213 Deus
736 3148 901 3227 commisit,
926 3166 1048 3213 summa
1070 3166 1127 3231 ope
1144 3147 1290 3226 nitamur,
1314 3146 1350 3210 ut
1365 3147 1463 3211 sacris

220 3242 418 3321 missionibus
441 3272 478 3317 ea
497 3249 651 3334 praesidia
674 3253 840 3335 suppetant
864 3270 977 3335 quasa
994 3249 1170 3335 primordiis
1186 3249 1341 3316 Ecclesiae
1356 3250 1389 3315 iu
1405 3269 1463 3315 usu

220 3360 316 3426 fuisse
337 3357 657 3436 commemoravimus,
691 3358 811 3423 seilicet
840 3356 1003 3441 Evangelii
1024 3356 1241 3440 praeconium,
1275 3356 1307 3419 et
1340 3354 1462 3438 piorum

221 3464 381 3531 bominum
404 3481 474 3527 oum
497 3480 602 3545 preces
625 3463 691 3526 tum
716 3461 937 3547 eleemosynae.

325 3565 358 3632 Si
390 3585 466 3652 quos
499 3585 572 3650 ergo
605 3566 751 3631 noveritis
782 3565 906 3630 divinae
929 3564 1044 3649 gloriae
1067 3563 1221 3629 studiosos
1244 3565 1276 3630 et
1298 3562 1336 3627 ad
1360 3580 1463 3628 sacras

222 3671 427 3755 expeditiones
447 3671 656 3755 suscipiendas
679 3671 838 3755 promptos
860 3673 893 3735 et
915 3668 1126 3747 idoneos-bis
1147 3666 1252 3733 addite
1275 3665 1404 3745 animos,
1427 3666 1463 3729 ut

221 3775 379 3859 explorata
417 3778 635 3860 compertaque
669 3776 830 3841 voluntate
867 3774 946 3852 Dei,
983 3793 1046 3839 non
1079 3773 1279 3857 acquiescent
1315 3770 1401 3836 carni
1431 3770 1463 3834 et

221 3879 375 3963 sanguini,
399 3880 452 3945 sed
476 3879 609 3963 Spiritus
632 3879 738 3947 Sancti
758 3880 883 3945 vocibus
899 3880 1109 3961 obtemperare
1124 3876 1281 3943 festinent.
1297 3911 1337 3921 -
1351 3876 1378 3939 A
1390 3873 1463 3939 reli·

222 3983 290 4067 quis
311 3988 416 4050 autern
439 3984 666 4062 sacerdotibus,
686 4004 705 4049 a
727 3984 939 4067 religiosorum
962 3983 1098 4049 virorum
1119 3982 1390 4065 utriusquesexus
1412 3998 1462 4045 or·

223 4088 356 4167 dinibus,
379 4108 397 4153 a
421 4088 539 4154 cunetis
562 4088 692 4173 denique
715 4087 860 4153 fidelibus
883 4106 973 4153 curae
997 4089 1118 4153 uestrae
1134 4084 1318 4153 concreditis
1334 4102 1463 4167 magno-

224 4212 293 4277 pere
316 4192 510 4270 contendite,
539 4194 575 4257 ut
598 4212 767 4279 numquam
789 4192 1139 4277 intermissispreeibus
1160 4190 1292 4257 coerceo
1314 4187 1462 4252 auxilium

223 4297 377 4384 sutoribus
413 4295 509 4361 diuini
541 4296 627 4362 serbi
661 4296 835 4362 concilient.
897 4297 1116 4379 Deprecatores
1153 4296 1257 4359 entem
1295 4291 1465 4357 adhibeant

223 4401 389 4487 Deiparam
414 4399 589 4483 Virginem,
617 4420 695 4484 quae
718 4403 801 4468 velet
824 4402 927 4467 omnia
950 4420 1086 4467 errorum
1107 4402 1246 4466 monstra
1268 4398 1462 4479 interimere,

222 4505 420 4595 purissimum
445 4504 511 4590 ejus
535 4503 694 4589 Sponsum,
721 4526 812 4590 quem
834 4508 937 4592 plures
954 4507 1112 4573 missiones
1123 4506 1189 4590 jam
1205 4504 1266 4570 sibi
1280 4500 1463 4589 praestitum
