3209 4859
202 126 263 193 198
426 144 591 215 1133331133
611 148 725 203 Leonte
745 148 805 201 PP.
823 148 908 202 XIII.
926 149 976 202 dd.
994 149 1022 203 3.
1045 148 1114 203 Dec.
1133 146 1219 203 1880.

199 338 267 383 vom
292 320 344 383 22.
368 316 542 383 November
565 316 618 381 des
641 317 754 384 Jahres
778 318 831 382 133
849 318 940 382 Η3113
965 318 1064 395 1872,
1088 317 1219 384 133113
1242 319 1290 384 313
1317 318 1460 383 Bischot

200 443 259 488 von
282 424 425 507 Touruay
447 423 605 504 einsetzte,
630 423 821 505 verlrnripfte.
853 423 924 488 Wir
939 423 1082 489 befehlen
1099 423 1233 500 endlieh,
1257 424 1328 488 1333
1344 423 1461 489 dieser

198 528 298 594 Unser
332 526 421 591 Briet
451 526 520 590 deni
556 527 703 592 Prataten
739 529 893 604 Dumout,
936 528 1006 593 dem
1043 527 1238 611 Domcapitel
1276 528 1338 592 und
1372 528 1456 593 dem

199 631 426 714 apostcljsohen
439 631 609 699 Vernalter
629 631 683 695 der
706 631 844 709 11113333,
868 632 937 696 dem
954 631 1082 697 Bischol
1094 650 1152 697 von
1168 632 1319 697 Eumenia
1334 632 1354 699 i.
1368 652 1397 715 p.
1414 633 1456 710 i.,

199 735 323 821 geueigt
346 735 454 801 werde.
471 735 632 800 ,Letztern
657 736 834 820 bestttigen
857 735 928 800 Wir
950 736 981 799 iu
1005 737 1120 801 seinem
1143 737 1240 801 Amte
1260 736 1306 801 als
1321 738 1456 819 aposto-

199 839 314 903 1133133
339 838 505 903 1133331133
526 840 579 903 133
602 839 732 905 Dioneae
755 860 814 905 uon
837 841 989 923 Tonrnay.
1030 841 1085 922 (113
1107 840 1187 924 iolgt
1210 860 1275 905 nun
1296 840 1363 905 eine
1386 841 1455 905 113-

200 945 345 1027 klarnug,
367 943 437 1008 1333
460 944 625 1022 Niemand,
646 944 726 1028 Jctzt
748 943 822 1007 oder
844 943 875 1007 in
899 943 1047 1021 aulana,
1077 944 1127 1009 eiu
1151 945 1252 1009 Recht
1274 945 1362 1020 1313,
1393 943 1454 1008 113

200 1048 378 1131 (1111131311
401 1046 454 1111 133
472 1048 695 1112 333313133133
714 1048 912 1113 [13331133333
928 1048 1122 1126 3333133133,
1144 1048 1216 1111 1333
1227 1067 1260 1111 33
1276 1048 1322 1111 313
1335 1048 1449 1130 Ρ3331,

200 1172 256 1217 333
279 1153 384 1217 treiem
408 1151 566 1230 Anineta,
589 1152 672 1216 kraft
695 1150 1452 1233 33133133331311331331311333111331311111

200 1257 318 1341 gethan
341 1255 444 1336 habe.)

304 1360 449 1444 Gegeben
471 1378 506 1423 zu
530 1360 626 1438 Rom,
660 1360 710 1424 bei
744 1358 788 1424 St.
818 1360 926 1437 Peter,
961 1360 1005 1424 im
1036 1360 1133 1426 Jahre
1164 1359 1219 1425 der
1248 1360 1368 1425 Geburt
1389 1359 1451 1423 des

198 1466 303 1532 Herm
327 1466 419 1543 1880,
445 1464 502 1529 deu
528 1466 577 1530 13.
592 1464 733 1542 October,
757 1465 801 1528 im
823 1464 940 1530 dritten
962 1465 1058 1531 Jahre
1081 1464 1213 1529 Unseres
1232 1464 1448 1529 Pontificates.

516 1568 536 1652 †
560 1568 625 1645 131,
650 1569 723 1645 Leo,
749 1569 879 1633 Bisohof
898 1569 952 1633 der
975 1567 1191 1633 katholischen
1214 1566 1340 1631 Kirche.

656 1670 802 1736 Cardinal
826 1671 968 1749 Succout,
994 1670 1201 1735 Ρ3313133133.

474 1774 923 1842 113133(1331133111133131.ι
944 1777 986 1842 A.
1008 1775 1196 1853 Triuctuicrr',
1217 1774 1387 1841 Substitut.

201 1936 235 1999 2.
259 1930 459 1997 sanctissimi
482 1932 603 1997 doruiut
617 1930 719 1996 uostru'
734 1930 852 1995 Lcouts
866 1930 1191 2011 113133333313133113
1208 1930 1319 2011 Papae
1339 1929 1446 1995 XIII.

659 2035 791 2117 epistota
814 2034 978 2118 3333331133,

203 2157 441 2222 venerabilibus
471 2156 634 2221 Fratribus
664 2155 875 2231 Patriarclris,
907 2155 1115 2233 Primatibus,
1143 2155 1391 2238 Archiepiscopis
1415 2156 1448 2220 31
1584 2161 1585 2232 3

202 2262 352 2345 episcopis
380 2261 529 2326 uniuersis
560 2260 706 2326 catholici
740 2259 823 2325 33113
857 2258 999 2324 Gratiam
1033 2261 1065 2324 et
1097 2259 1342 2324 communionem
1375 2278 1448 2323 cum

588 2364 756 2449 3333131133
779 2364 851 2430 3313
872 2364 1066 2429 1313311133.

398 2439 401 2449 ¹
487 2487 554 2553 Leo
579 2488 672 2569 Pupu
698 2487 802 2553 XIII.
827 2486 1017 2551 venerabiles
1037 2481 1164 2552 tratres!

475 2590 614 2656 Salutem
635 2592 666 2655 et
690 2590 892 2674 apostolicam
917 2590 1170 2657 benedictionem.

306 2711 421 2777 Sancta
444 2712 502 2778 Dei
532 2714 642 2779 civitas
672 2733 751 2796 quae
783 2714 832 2778 est
864 2713 1019 2790 Ecclesia,
1055 2732 1125 2777 eum
1159 2712 1252 2777 nullis
1286 2712 1443 2796 regionum

202 2815 315 2880 finibus
338 2817 547 2896 contineatur,
570 2818 651 2883 hane
675 2817 769 2882 habet
791 2816 854 2881 vim
875 2836 894 2880 a
917 2816 1080 2881 Conditore
1102 2836 1157 2881 333
1180 2816 1330 2894 inditam,
1355 2817 1445 2880 3113

204 2920 268 2984 1133
283 2921 384 3006 magis
400 2922 512 2988 dilatet
528 2923 627 2989 tecum
643 2924 767 2988 13313311
787 2923 848 2999 sui,
871 2929 899 2987 et
911 2923 1010 3003 331133
1026 2921 1299 2987 tabernaculorum
1317 2942 1446 2986 suorum

203 3025 349 3089 extendat
378 3026 434 3110 (13,
456 3027 534 3105 LIV,
561 3028 616 3111 2.).
662 3028 747 3091 Η333
774 3029 880 3090 autem
911 3026 1149 3091 christianarum
1179 3026 1319 3109 gentium
1346 3024 1445 3089 incre·

204 3130 310 3191 menta
341 3130 482 3210 quamvis
514 3130 624 3195 intimo
658 3130 764 3195 Sancti
796 3130 932 3213 Spiritus
956 3129 1067 3194 alliatu
1089 3130 1262 3213 auxilioque
1284 3128 1445 3211 praecipue

205 3230 293 3307 1331,
310 3231 499 3297 extrinsecus
515 3235 621 3297 tamen
635 3234 795 3298 hominum
812 3253 903 3316 opera
919 3234 1118 3317 humanoque
1130 3252 1213 3299 more
1228 3232 1445 3316 perficiuntur:

204 3334 293 3398 decet
313 3334 395 3398 enirn
417 3336 602 3418 sapientiam
626 3335 703 3414 Dei,
737 3356 772 3401 eo
808 3337 898 3402 modo
928 3355 975 3401 res
1007 3336 1166 3401 uniuersas
1196 3337 1332 3401 ordinari
1353 3334 1446 3401 etad

204 3440 320 3503 nietam
344 3439 480 3523 perduci,
504 3440 557 3522 qui
577 3440 706 3505 naturae
729 3441 924 3523 singularum
948 3440 1118 3506 conveniat.
1145 3440 1214 3505 Nou
1231 3460 1326 3504 unum
1340 3440 1446 3503 tamen

205 3543 252 3606 331
275 3562 372 3627 genus
394 3543 553 3609 hominum
576 3545 624 3609 vel
648 3544 837 3624 3113133333,
873 3564 1001 3627 quorum
1032 3563 1089 3626 ope
1115 3544 1172 3608 131
1201 3544 1240 3609 31
1271 3543 1350 3607 1333
1381 3544 1445 3607 133-

204 3647 334 3712 restrem
358 3646 430 3713 Sion
453 3668 600 3714 novorum
625 3649 738 3713 civium
762 3649 905 3714 accessio.
951 3650 1032 3713 Nam
1056 3648 1175 3731 primae
1197 3648 1320 3731 quidem
1344 3648 1448 3729 partes

205 3769 309 3814 eorum
333 3755 416 3831 3331,
438 3754 490 3836 qni
512 3753 691 3837 praedicant
712 3754 840 3818 verbnm
863 3753 938 3819 Dei:
962 3753 994 3816 id
1018 3752 1164 3834 exemplis
1186 3755 1219 3817 et
1233 3752 1367 3818 oraculis
1382 3753 1448 3816 3313

206 3853 347 3919 Christus
370 3855 508 3934 3133311;
540 3856 572 3920 11
595 3857 712 3921 Paulus
733 3856 901 3939 Apostolus
925 3856 1058 3939 urgebat
1080 3856 1119 3919 iis
1142 3856 1259 3921 verbis:
1288 3857 1448 3939 Quomodo

206 3958 330 4023 credent
352 3960 380 4024 31
404 3982 492 4043 quem
513 3983 576 4027 uon
598 3961 796 4027 audieruut?
817 4011 824 4023 .
847 4011 854 4026 .
877 4011 884 4025 .
907 3961 994 4044 Eupo
1014 3962 1094 4043 fides
1117 3982 1156 4027 cx
1177 3961 1297 4039 auditu,
1318 3960 1448 4025 nuditus

206 4068 310 4127 cutem
328 4084 389 4144 per
418 4066 544 4130 uerbum
565 4065 684 4131 Christi
707 4064 809 4149 (Rom.
832 4064 870 4142 X,
899 4063 947 4139 14,
974 4064 1047 4144 lt).
1094 4063 1183 4128 Istud
1207 4067 1310 4127 antem
1333 4082 1448 4128 munus

206 4164 243 4229 ad
268 4185 318 4231 eos
341 4167 491 4249 pertinet,
516 4169 568 4251 qui
593 4169 652 4234 rite
676 4169 771 4234 333313
794 4168 912 4233 initiati
935 4167 1060 4233 tuerint.
1084 4204 1124 4213 -—
1148 4167 1208 4231 Η13
1229 4186 1317 4249 porro
1339 4186 1449 4249 operae

205 4270 361 4353 studiique
385 4290 445 4337 non
467 4292 576 4354 parum
603 4274 736 4337 afferunt
760 4275 813 4355 qui
837 4273 885 4337 vel
909 4272 1023 4336 auxilia
1046 4275 1076 4335 in
1093 4273 1184 4335 rebus
1200 4272 1334 4337 externis
1347 4273 1450 4353 posita

205 4376 417 4458 suppeditare,
453 4376 501 4440 vel
535 4376 610 4441 13313
640 4376 678 4441 31
710 4376 810 4441 Deum
832 4376 973 4460 precibus
996 4375 1140 4441 coelestia
1163 4376 1352 4441 charismata
1374 4395 1449 4441 eon-

205 4479 312 4546 ciliarc
334 4480 445 4546 solent.
491 4479 683 4564 Quapropter
705 4479 873 4546 laudantur
905 4480 939 4545 in
973 4480 1140 4565 Evangelio
1172 4480 1334 4559 mulieres,
1368 4498 1449 4565 qnae
