3209 4859
219 129 284 201 210
473 143 559 204 Decr.
577 165 601 204 a
620 142 874 219 Conpr.1ndutp.
893 109 945 204 ¹dd.
964 143 1011 204 26.
1029 141 1106 204 Nov.
1125 143 1212 206 1880.

216 321 309 388 latim
341 340 517 402 recensere,
552 322 690 406 generali
723 324 783 389 hae
818 323 934 389 decreti
965 323 1101 408 benigna
1138 322 1395 408 interpretatione
1430 326 1463 389 et

218 424 400 510 dispositiva
414 424 629 491 Declaratione
645 426 737 491 amul
749 446 855 493 omnes
867 426 1181 511 comprehenduntur,
1198 428 1284 492 ratae
1298 427 1462 506 habentur,

219 529 440 596 confirmantur
460 532 553 616 atque
577 531 776 615 ampliantur.

321 635 412 701 Hanc
445 655 516 701 uero
551 634 663 702 Sacrae
698 634 955 719 congregationis
987 633 1229 701 instructionem
1260 634 1291 700 et
1315 633 1464 700 Declara-

216 739 333 807 tionem
353 739 574 806 Sanctissimus
598 740 747 806 Dominus
769 740 885 805 Noster
906 740 968 805 Leo
991 741 1073 823 Papa
1088 739 1178 806 XIII.
1194 739 1225 804 in
1242 739 1408 804 tinnientia
1423 740 1463 803 ab

217 844 415 928 infrascripto
430 844 588 910 (tarditati
611 845 748 928 ejusdem
765 843 1023 930 Congregationis
1039 844 1199 909 Praefecto
1215 843 1265 908 die
1280 845 1331 911 26.
1348 843 1464 908 mensis

216 949 401 1016 Novembris
425 949 509 1014 1880
533 949 642 1014 habita
661 949 794 1033 benigne
821 949 1003 1033 approbavit
1029 950 1061 1012 et
1085 948 1275 1032 promulgari
1291 948 1463 1027 mandavit,

217 1074 255 1121 ec
277 1055 396 1121 sanatis
418 1055 521 1138 prius,
551 1054 577 1119 si
613 1071 692 1138 quae
722 1055 824 1118 factae
847 1052 977 1131 inerint,
1009 1052 1107 1119 irritis
1130 1053 1303 1118 absentiam
1324 1052 1465 1136 adscrip-
1587 1051 1588 1076 ³

216 1160 363 1238 tionibus,
384 1159 543 1225 decretum
563 1158 624 1223 diei
642 1159 691 1223 13.
708 1158 827 1241 Aprilis
846 1157 928 1222 1878
944 1157 1147 1242 inposterum
1164 1156 1252 1239 juxta
1269 1158 1463 1239 praesentem

216 1263 383 1347 benignam
413 1262 704 1347 interpretationem
736 1264 769 1327 et
796 1261 1009 1345 dispositiuam
1033 1260 1282 1327 Declarationem
1305 1261 1465 1328 obseruari
1587 1263 1588 1306 ³

215 1367 384 1453 praecepit.
930 1448 935 1456 ,
1587 1429 1588 1456 p

320 1481 437 1548 Datum
470 1499 505 1546 er
539 1479 714 1546 secretaria
747 1477 860 1544 Sacrae
894 1477 1151 1562 congregationis
1181 1477 1392 1561 indulgentiis
1426 1496 1466 1542 ac
1587 1461 1588 1466 ἵ

217 1583 319 1650 Sacris
342 1584 492 1668 Reliqniis
512 1583 705 1666 praepositae
727 1582 786 1649 hae
809 1582 859 1646 riie
882 1581 1273 1648 commeminerint
1296 1580 1390 1646 1880.

363 1707 519 1784 Aietoios,
539 1705 630 1771 Oard.
674 1704 801 1789 Oreplio
823 1705 865 1770 A.
889 1703 921 1770 S.
945 1702 1109 1786 Stephano,
1131 1702 1321 1770 Praefectus.

882 1816 962 1884 Pius
984 1815 1133 1897 Dcttcuti,
1156 1814 1355 1882 secretarius.
