3209 4859
498 175 500 181 '
593 164 638 221 De
653 166 888 235 propagatione
905 164 985 229 fidei.
1351 142 1413 209 199

171 339 293 405 Christo
322 336 548 423 evangelizanti
577 356 707 419 regnum
730 332 788 400 Dei
811 313 1037 401 ministrabant
1059 334 1097 399 de
1117 332 1322 415 facultatibus
1344 335 1412 399 scas

169 444 254 527 (Luc.
281 443 367 519 Vlll,
390 442 453 525 3.),
477 443 509 506 et
533 440 660 506 Paullus
683 441 836 518 testatur,
866 439 905 503 iis
933 439 986 523 qui
1008 437 1202 521 evangelium
1225 436 1413 502 annuntiant

67 621 72 625 ,
168 549 329 613 voluntate
353 546 411 610 Dei
435 564 611 611 concessum
628 563 693 610 esse
709 546 744 608 ut
760 543 797 608 de
814 543 983 626 Evangelio
999 542 1107 607 vivant
1125 541 1163 626 (I.
1181 539 1249 607 Cor.
1261 540 1316 619 IX,
1334 540 1409 625 la).
1434 548 1439 556 ’

169 651 243 715 Pari
267 650 357 715 modo
379 652 581 715 assectatores
605 648 822 732 auditoresque
844 666 916 712 suos
945 646 1104 712 Christum
1131 646 1178 712 ita
1204 645 1334 729 jussisse
1357 664 1410 710 no·

170 755 285 820 vimus:
321 754 440 836 Repete
473 752 645 817 Dominum
682 754 810 829 messis,
844 758 879 816 ct
909 751 1013 817 mittat
1042 750 1205 831 operarios
1227 752 1262 815 ia
1283 770 1412 816 messem

168 881 261 925 sceva
287 859 415 943 (Matth.
438 857 492 937 ΙΧ,
514 859 566 936 38,
589 857 661 924 Luc.
685 856 724 935 X,
748 858 812 938 2.):
843 856 1017 939 primosque
1045 855 1121 939 lljus
1142 854 1298 932 alumnos,
1328 855 1412 938 Apo-

169 963 257 1028 stolis
280 962 515 1046 praeeuntibus,
540 962 586 1025 ita
611 959 783 1044 supplicare
808 959 871 1024 Deo
893 957 1102 1026 consuevisse:
1135 956 1191 1023 Dc
1221 958 1321 1026 servis
1349 959 1413 1025 tuis

169 1087 238 1133 cam
260 1069 346 1132 omrai
364 1067 483 1149 ptdcoic
506 1066 591 1148 toqui
609 1065 735 1130 verbam
757 1071 846 1130 taam
869 1062 954 1150 (Act.
974 1063 1028 1141 lV,
1051 1061 1118 1147 29.)

275 1172 341 1235 Duo
373 1171 449 1234 haec
477 1170 584 1235 munia
606 1188 683 1252 quae
705 1168 738 1232 in
761 1167 921 1251 largiendo
944 1166 1205 1251 supplicandoque
1228 1166 1410 1246 consistunt,

168 1294 239 1339 cum
262 1274 408 1358 perutilia
431 1273 563 1343 suntad
587 1272 675 1357 regni
698 1271 852 1337 caelorum
876 1271 953 1337 fines
973 1271 1069 1336 latius
1098 1271 1311 1354 proferendos,
1341 1274 1411 1337 tum

168 1378 247 1443 illud
270 1378 386 1443 habent
408 1378 583 1462 proprium,
617 1379 654 1441 ut
688 1377 726 1441 ab
759 1376 935 1441 hominihus
971 1375 1139 1459 cujuslibet
1160 1375 1276 1441 ordinis
1296 1362 1411 1459 expleri

168 1483 259 1549 facile
283 1484 405 1567 queant.
451 1482 527 1563 Quis
551 1483 633 1546 enirn
657 1482 705 1546 est
727 1482 782 1545 ant
807 1483 873 1546 tam
905 1481 991 1546 tenui
1020 1481 1161 1561 fortuna,
1198 1483 1234 1546 ut
1268 1480 1411 1565 exiguam

168 1586 242 1652 dare
275 1586 405 1669 stipem,
450 1588 505 1649 aut
537 1586 632 1649 tantis
670 1586 762 1649 rebus
797 1585 981 1668 occupatus,
1020 1585 1056 1648 ut
1088 1604 1142 1667 pro
1179 1584 1298 1650 nuntiis
1330 1586 1412 1650 sacri

112 1746 115 1753 .
168 1689 332 1774 Evangelii
354 1690 453 1755 Deum
476 1690 635 1754 obsecrare
658 1688 839 1771 aliquandiu
866 1687 1088 1771 prohibeatur?
1133 1687 1320 1771 Huiusmodi
1340 1709 1411 1755 vero

167 1792 322 1875 praesidia
352 1792 497 1858 adhihere
521 1812 640 1876 semper
664 1792 721 1858 viri
758 1792 920 1876 apostolici
954 1778 1194 1870 consueverunt,
1228 1792 1411 1858 nominatim

168 1894 334 1962 Pontifices
357 1898 492 1976 romani,
526 1898 559 1961 in
593 1904 671 1980 quos
703 1896 899 1961 Christianae
933 1895 1004 1960 fidei
1038 1896 1254 1981 propagandae
1277 1897 1410 1963 maxime

166 2000 320 2064 incumbit
340 2001 533 2068 sollicitudo:
569 2001 696 2066 tametsi
729 2020 787 2066 non
825 2000 933 2066 eadem
964 2002 1111 2084 perpetuo
1140 1999 1220 2064 ratio
1250 2000 1311 2065 luit
1334 2000 1410 2065 haec

166 2103 306 2168 subsidia
335 2105 546 2189 comparandi,
580 2105 634 2170 sed
663 2104 750 2172 varia
782 2106 814 2171 et
846 2104 984 2182 diversa,
1019 2122 1074 2186 pro
1095 2104 1248 2170 varietate
1270 2105 1409 2179 locorum

166 2208 400 2291 temporumque
423 2208 612 2275 diversitate.

199 2304 205 2319 ’
271 2311 348 2377 Cum
372 2314 476 2379 aetate
498 2315 604 2379 nostra
625 2314 722 2379 libeat
746 2313 842 2379 ardua
865 2332 1003 2397 quaeque
1020 2312 1193 2397 conjunctis
1206 2313 1409 2397 plurimorum

166 2415 303 2481 consiliis
327 2417 498 2483 et.virihus
521 2418 660 2503 aggredi,
679 2418 845 2484 societates
867 2419 982 2502 passim
1005 2417 1086 2484 coire
1109 2417 1251 2497 vidimus,
1278 2437 1408 2502 quarum

166 2520 331 2585 nonnullae
354 2520 447 2585 etiam
471 2522 508 2586 ob
532 2542 600 2587 eam
631 2540 773 2588 caussam
807 2523 881 2587 sunt
913 2522 1027 2599 initae,
1062 2522 1099 2586 ut
1133 2522 1346 2605 provehendae
1375 2517 1416 2588 in'

166 2624 320 2709 aliquibus
340 2624 517 2709 regionibus
541 2626 684 2711 religioni
699 2627 888 2711 prodessent.
920 2626 1044 2692 Eminet
1063 2628 1169 2691 autem
1188 2626 1270 2691 inter
1289 2626 1407 2692 ceteras

165 2729 217 2813 pia
239 2728 424 2794 consociatio
448 2730 520 2794 ante
545 2749 639 2796 annos
657 2732 719 2797 fere
742 2731 904 2814 sexaginta
926 2730 1070 2814 Lugduni
1093 2730 1124 2795 in
1146 2728 1259 2795 Galliis
1282 2731 1406 2810 coalita,

165 2852 243 2917 quae
266 2835 529 2917 apropopatc‘oac
545 2836 622 2917 fidet
647 2853 757 2899 nomen
780 2834 908 2917 accepit.
953 2835 1040 2899 Haec
1063 2834 1198 2918 primum
1217 2833 1294 2899 illuc
1319 2852 1407 2917 spec-

164 2937 263 3016 tavit,
295 2940 331 3002 ut
355 2938 550 3022 quibusdam
584 2939 633 3003 in.
651 2938 797 3003 Amerina
832 2938 1028 3003 missionibus
1061 2957 1150 3022 opem
1186 2938 1300 3003 ferret:
1337 2957 1406 3003 mox

164 3040 312 3122 tanquam
334 3061 466 3125 granum
489 3042 604 3126 sinapis
627 3044 660 3107 in
683 3043 822 3107 arborem
845 3042 1004 3127 ingentem
1027 3042 1177 3122 excrevit,
1211 3042 1300 3127 cujus
1327 3042 1407 3108 rami

162 3144 228 3208 late
251 3144 457 3225 frondescunt,
480 3146 614 3230 adeoque
637 3146 677 3210 ad
700 3145 861 3212 missiones
884 3165 999 3224 omnen,
1023 3165 1101 3229 quae
1124 3146 1238 3229 ubique
1253 3148 1405 3213 terrarum

165 3250 248 3326 sunt,
273 3251 430 3315 actuosam
454 3251 701 3317 beneficientiam
723 3252 864 3336 porrigit.
909 3251 1109 3316 Praeclarum
1139 3252 1197 3316 hoc
1226 3250 1406 3317 institutam

165 3352 307 3418 celeriter
329 3354 485 3421 Ecclesiae
510 3356 690 3421 Pectoribus
718 3357 883 3439 probatum
918 3357 979 3422 init
1011 3359 1043 3423 et
1077 3356 1243 3421 luculentis
1276 3356 1404 3421 laudum

165 3458 351 3523 testimoniis
372 3459 580 3528 honestatum.
610 3461 742 3527 Romani
765 3461 845 3525 illud
863 3461 1030 3527 Pontifices
1051 3460 1126 3527 Pius
1142 3459 1224 3536 Vll,
1246 3459 1305 3525 Leo
1321 3459 1405 3539 xri,

165 3562 241 3627 Pius
265 3562 366 3644 VIll.,
400 3565 579 3631 Decessores
614 3564 722 3631 Nostri
755 3567 786 3630 et
822 3565 1114 3631 commendaverunt
1148 3563 1344 3629 vehementer
1373 3566 1406 3629 et

164 3664 432 3751 indulgentiarum
455 3668 542 3733 donis
565 3670 752 3735 ditaverunt.
787 3669 834 3734 Ac
856 3670 955 3735 multo
978 3669 1073 3734 etiam
1095 3667 1242 3733 studiosis
1263 3666 1349 3746 fovit,
1372 3670 1405 3739 et

163 3768 254 3852 plana
277 3772 407 3837 caritate
430 3774 559 3856 paterna
581 3774 755 3858 complexus
778 3775 828 3839 est
850 3774 1017 3858 Gregorius
1039 3772 1141 3852 XVL,
1170 3771 1223 3855 qui
1251 3772 1285 3836 in
1311 3790 1404 3857 ency-

163 3872 250 3938 chcis
267 3873 381 3940 litteris
398 3876 446 3942 die
461 3877 529 3943 XV.
546 3878 660 3943 mensis
672 3878 808 3961 Augusti
824 3896 904 3943 anno
921 3876 1015 3960 hujus
1035 3876 1151 3942 saeculi
1165 3876 1404 3961 quadragesimo

162 3976 246 4043 datis
269 3978 301 4042 in
324 3978 403 4045 hanc
421 3982 606 4047 sententiam
626 3982 665 4056 de,
679 3982 784 4048 eodem
803 3982 949 4065 loquutus
965 3982 1030 4046 est:
1055 3974 1313 4064 ›Magnumsane
1327 4000 1404 4066 opus

165 4083 217 4147 »et
239 4084 483 4165 sanctissimum,
514 4086 594 4168 quod
616 4085 744 4152 modicis
767 4085 974 4151 oblationibus
997 4086 1029 4151 et
1051 4084 1239 4169 quotidianis
1260 4087 1403 4170 precibus

165 4206 204 4252 >a
226 4187 365 4270 quolibet
385 4189 536 4255 sodalium
560 4190 600 4255 ad
621 4191 720 4255 Deum
743 4191 821 4255 fusis
841 4190 1029 4265 sustinetur,
1057 4192 1207 4276 augetur,
1229 4191 1403 4273 invalescit,

164 4291 326 4375 »qnodque
349 4293 536 4376 Apostolicis
563 4293 710 4378 operariis
737 4294 963 4374 sustentandis,
991 4294 1239 4378 christianaeque
1262 4297 1403 4363 caritatis

164 4396 325 4477 »operibus
347 4416 421 4481 erga
444 4397 611 4483 neophytos
634 4398 827 4478 exercendis,
860 4418 916 4464 nec
948 4418 1006 4465 non
1040 4399 1184 4465 fidelibus
1220 4399 1259 4463 ab
1283 4399 1402 4483 impetu

164 4500 430 4581 »persecutionum
465 4502 633 4568 liberandis
666 4502 829 4568 inductum
858 4503 1007 4569 bonorum
1037 4503 1175 4569 omnium
1197 4501 1402 4568 admiratione
