3209 4859
591 169 636 225 De
654 172 884 241 propoportoae
901 170 983 237 fidei.
1070 196 1072 201 ·
1341 152 1405 254 203

157 342 381 426 custodemque
404 340 618 419 adsciverant,
649 341 680 406 et
709 360 807 425 nuper
836 341 1017 425 Apostolica
1043 340 1137 409 Sedes
1160 324 1319 407 universae
1341 342 1403 409 llo·

157 445 275 511 clesi'ae
307 446 476 510 Patrouum
511 444 612 523 dedit;
649 444 868 528 Apostolorum
900 445 1054 529 principes
1087 464 1260 531 agmenque
1291 447 1404 527 totum,

156 550 242 615 unde
272 549 411 633 prolecta
446 548 578 632 primum
614 549 777 633 Evangelii
808 549 998 633 praedicatio
1031 549 1115 616 omni
1144 551 1298 615 terrarum
1332 549 1405 615 orbe

157 655 335 739 personuit;
364 655 481 720 ceteros
503 654 627 719 demum
647 654 821 737 praeclaros
843 654 1012 719 sanctitate
1034 653 1133 732 viros,
1168 652 1275 737 quiin
1297 654 1405 719 eodem

158 758 332 824 ministerio
356 758 553 841 absumpsere
573 758 663 836 vires,
686 758 736 822 vel
758 758 856 823 vitam
879 777 949 822 cum
967 757 1118 843 sanguiue
1134 757 1347 841 profuderunt.
1364 793 1404 804 -

159 861 358 927 Praecationi
381 862 512 945 supplici
536 861 729 945 eleemosyna
752 860 890 939 accedat,
915 861 1003 945 cujus
1026 861 1149 945 quidem
1174 878 1211 925 ea
1225 858 1272 925 vis
1288 861 1345 939 cst,
1369 861 1406 925 ut

158 966 209 1031 vel
234 966 300 1031 loco
325 966 448 1031 dissitos
471 967 503 1031 et
525 964 635 1029 alienis
658 966 739 1030 curis
762 966 915 1031 distentos
939 966 1177 1049 apostolicorum
1198 965 1333 1031 virorum
1349 962 1401 1028 ad·

155 1070 294 1154 jutores,
329 1089 494 1153 eorumque
529 1090 598 1136 oum
633 1072 664 1135 iu
697 1070 865 1136 laborando
898 1073 966 1135 tum
989 1071 1118 1136 inbono
1140 1068 1284 1134 merendo
1307 1065 1405 1133 socios

159 1174 286 1241 efficiat.
332 1174 468 1258 Tempus
490 1174 615 1259 quidem
639 1177 686 1240 est
710 1174 904 1259 hujusmodi,
936 1176 972 1240 ut
1005 1176 1107 1258 plures
1135 1174 1257 1258 premat
1286 1170 1331 1237 rei
1354 1171 1404 1237 ta·

160 1278 292 1343 miliaris
315 1279 436 1363 inopia,
460 1298 549 1345 nemo
572 1280 676 1344 tamen
695 1278 810 1345 idcirco
827 1280 965 1345 animum
981 1278 1183 1362 despondeat:
1207 1276 1296 1360 stipis
1311 1276 1404 1356 enim,

158 1400 240 1463 quae
262 1382 295 1447 in
316 1382 396 1447 hauc
419 1401 483 1448 rem
507 1382 709 1463 desideratur,
734 1383 857 1448 collatio
880 1382 958 1449 nulli
981 1382 1078 1447 ferme
1098 1383 1200 1465 potest
1212 1398 1278 1446 esse
1290 1378 1405 1463 gravis,

158 1486 302 1567 quamvis
325 1504 341 1549 e
364 1486 473 1551 multia
495 1486 527 1551 iu
549 1506 644 1551 unum
673 1486 794 1552 collatus
816 1486 894 1551 satia
918 1484 1049 1569 grandia
1071 1485 1186 1568 queant
1206 1482 1310 1567 parari
1332 1482 1406 1546 sub-

160 1586 251 1651 sidia.
285 1587 379 1653 Vobis
395 1588 509 1668 autem,
530 1588 730 1653 Venerabiles
746 1589 882 1665 Fratres,
905 1588 1178 1667 commonentibus,
1195 1586 1405 1669 unusquisque

160 1690 351 1769 consideret,
384 1710 442 1756 uon
467 1692 609 1775 jacturae
629 1690 683 1756 sed
705 1692 790 1757 lucro
814 1710 902 1756 suam
926 1690 985 1756 sibi
1008 1691 1230 1756 liberalitatem
1254 1691 1405 1769 suturam,

160 1792 236 1877 quia
259 1792 433 1858 foeneratur
465 1795 592 1860 Domino
626 1795 679 1879 qui
713 1794 769 1859 dat
801 1795 975 1879 indigenti,
1011 1814 1107 1878 eaque
1141 1795 1178 1859 de
1212 1812 1322 1859 caussa
1355 1812 1406 1859 ars

160 1896 357 1980 eleemosyna
391 1897 473 1962 dicta
507 1900 554 1963 est
589 1899 727 1964 omnium
761 1898 875 1964 artium
900 1898 1182 1980 quaestuosissima.
1227 1898 1346 1964 Revera
1368 1896 1403 1977 si,

161 1999 230 2081 ipso
253 1999 330 2065 Jesu
353 1999 476 2067 Christo
497 2004 639 2079 auctore,
672 2021 730 2067 uon
763 2001 872 2085 perdet
905 2001 1077 2068 mercedem
1107 2021 1196 2066 suam
1215 2002 1272 2086 ‘qui
1294 2001 1348 2065 uui
1370 2020 1406 2066 ex

160 2103 301 2169 minimis
325 2104 390 2187 ejus
414 2106 558 2188 poculum
581 2106 699 2171 dederit
730 2124 828 2191 aquae
858 2106 1007 2191 frigidae,
1045 2106 1234 2191 amplissima
1268 2105 1407 2189 proiecto

161 2226 283 2273 merces
306 2208 393 2272 illurn
418 2211 573 2291 manebit,
608 2212 661 2295 qui
695 2212 852 2294 insumpto
885 2212 919 2276 in
948 2230 1051 2277 sacras
1080 2211 1242 2276 missiones
1265 2228 1334 2275 aere
1356 2208 1407 2275 vel

161 2310 281 2394 exiguo,
306 2311 506 2395 precibusque
536 2314 679 2397 adJeotis,
714 2315 805 2398 plura
837 2315 932 2380 simul
966 2318 998 2381 et
1028 2315 1114 2381 varia
1145 2314 1286 2380 caritatis
1314 2332 1407 2398 opera

161 2417 300 2493 exercet,
337 2416 369 2479 ct
405 2415 486 2499 quod
520 2417 692 2483 divinorum
729 2418 866 2484 omnium
904 2418 1132 2485 divinissimum
1164 2418 1266 2485 sancti
1297 2419 1407 2484 Patres

161 2517 317 2597 dixerunt,
339 2519 462 2603 adjutor
487 2520 524 2586 fit
548 2522 605 2587 Dei
627 2522 813 2589 in'salutem
833 2524 1064 2607 proximorum·

267 2638 359 2705 Certa
391 2640 503 2707 fiducia
537 2643 683 2722 nitimur,
718 2644 917 2710 Venerabiles
950 2645 1093 2724 Fratres,
1129 2662 1179 2709 eos
1212 2632 1406 2727 omnesqui

159 2742 313 2808 catholico
336 2744 511 2827 gloriantur
534 2749 675 2823 nomine,
700 2750 776 2815 haec
800 2750 979 2833 reputantes
1002 2750 1103 2815 animo
1127 2750 1159 2813 et
1178 2748 1406 2813 hortationibus
1440 2765 1444 2772 ·

161 2845 282 2911 Vestris
305 2848 455 2927 incensos,
479 2850 606 2916 minime
630 2852 789 2918 defuturos
813 2852 895 2930 huic,
919 2852 999 2936 quod
1023 2851 1119 2916 Nobis
1140 2852 1301 2935 tantopere
1322 2852 1406 2917 cordi

159 2950 219 3027 est,
243 2951 367 3034 pietatis
389 2952 505 3031 officio;
537 2975 635 3038 neque
662 2975 805 3039 passuros
828 2956 932 3021 studia
955 2975 1010 3021 sua
1033 2956 1065 3019 in
1089 2956 1306 3039 amplificando
1329 2955 1406 3022 Jesu

161 3054 280 3119 Christi
302 3076 415 3139 reguo,
447 3076 552 3127 eorum
574 3060 741 3127 sedulitate
766 3063 797 3127 et
820 3061 976 3126 industria
998 3060 1099 3140 vinci,
1133 3062 1186 3145 qui
1213 3060 1405 3127 dominatum

158 3158 305 3242 principis
321 3162 518 3229 tenebrarum
533 3183 703 3249 propagare
719 3164 870 3230 nituntur.
887 3204 928 3213 -
945 3165 1069 3231 Interea
1089 3166 1148 3249 piis
1164 3164 1404 3231 christianarum

161 3262 304 3345 gentium
327 3266 443 3349 coeptis
466 3267 565 3332 Deum
588 3270 754 3351 propitium
779 3269 999 3352 adprecautes,
1027 3268 1237 3353 Apostolioam
1261 3268 1404 3333 benedie-

160 3365 287 3445 tionem,
314 3368 497 3451 praecipuae
520 3371 750 3443 benevolentiae
772 3374 905 3438 Nostrae
928 3374 1049 3452 testem,
1074 3371 1180 3450 Vobis,
1204 3372 1405 3437 Venerabiles

162 3469 297 3548 Fratres,
322 3472 411 3539 Olero
433 3475 466 3538 et
488 3476 599 3559 populo
622 3476 803 3560 vigilantiae
826 3478 956 3543 Vestrae
980 3478 1141 3543 commisso
1160 3477 1357 3559 peramanter
1371 3476 1405 3541 iu

163 3574 295 3641 Domino
317 3576 522 3659 impertimus.

267 3696 383 3762 Datum
407 3700 523 3765 Romae
546 3702 627 3785 apud
651 3704 794 3768 sanetum
818 3705 964 3782 Petrum,
988 3703 1037 3768 die
1059 3705 1089 3770 3.
1113 3702 1292 3768 Decembris
1314 3702 1405 3767 Auno

164 3802 258 3880 1880,
283 3801 486 3867 Pontificatus
511 3804 618 3870 Nostri
639 3825 718 3871 auno
742 3806 857 3873 Tertio.

1012 3938 1077 4003 Leo
1100 3937 1168 4003 ΡΡ.
1194 3934 1300 4003 XIII.

392 4164 422 4225 3.
464 4158 561 4225 Ueber
579 4160 640 4227 dea
662 4160 803 4227 Ooaduet
823 4162 878 4229 des
895 4117 1169 4245 deicheawopeas.

467 4296 645 4366 (blichstatter
661 4299 869 4366 Pastoralblatt,
888 4300 965 4366 1880,
982 4299 1032 4358 Nr.
1050 4299 1104 4370 40.)

266 4420 303 4475 Es
321 4419 359 4473 ist
377 4420 420 4475 die
438 4420 528 4491 Frage
545 4422 658 4491 gestellt
675 4422 795 4486 worden,
817 4421 851 4477 ob
876 4439 903 4477 ee
926 4424 1062 4492 gestattet
1079 4422 1133 4489 sei,
1156 4422 1200 4477 fur
1221 4418 1280 4473 eine
1297 4416 1405 4481 Leiche,

158 4507 263 4565 welche
280 4524 313 4563 zu
330 4506 435 4577 Wagen
453 4508 501 4585 auf
516 4508 567 4565 den
586 4508 762 4567 Gottesacker
780 4509 900 4581 geftbrt,
917 4508 973 4565 und
991 4509 1034 4568 fier
1052 4510 1151 4569 welche
1164 4506 1243 4565 dabei
1257 4502 1405 4562 kirehlicbc
