3209 4859
338 129 385 193 De
397 154 475 202 ‚vaca
487 130 703 193 adscribendis
722 130 764 191 ad
784 134 856 207 pias
875 131 974 192 sudat.
993 128 1181 201 absentibus.
1322 107 1385 183 209

138 311 265 375 casibus
295 308 505 394 singularibus
536 309 712 392 dispensare
741 308 859 391 possint
889 308 1050 373 aetatula
1071 308 1170 373 forma
1192 307 1274 373 inter
1296 326 1387 391 prae·-

137 417 311 493 santeaco
334 414 474 479 absentes
497 413 591 477 etiam
614 432 668 496 per
692 412 881 497 singularem
906 432 959 477 seu
980 412 1255 478 extraordinariam
1279 430 1387 495 excep=

137 518 257 599 tionem
281 516 339 581 rite
363 515 546 581 adscribere.

245 620 298 685 Ill.
345 621 404 685 Pro
427 618 652 685 Sodalitatibns
675 619 771 685 etiam
793 619 853 702 piis
877 618 1066 707 Unionibus,
1098 620 1159 704 piis
1180 620 1332 705 Operibus
1355 621 1387 685 et

138 724 362 808 cujuscumque
384 724 448 789 sint
471 724 604 791 nominis
627 723 844 802 Societatibus‚
869 743 947 807 quae
967 724 1087 788 nullam
1109 724 1227 789 babent
1249 742 1304 807 pro
1326 722 1385 787 ad·
1447 738 1457 753 ³

139 828 306 912 scriptione
329 827 482 893 sodalium
510 829 639 893 formam
662 848 697 892 ac
721 826 946 892 caeremoniam
970 828 1052 892 iuter
1067 829 1255 911 praesentes,
1279 828 1386 893 decre-

138 936 210 998 tum
234 932 334 1016 quoad
357 933 513 1011 obscatae,
541 935 693 1015 quantum
713 932 780 997 fieri
802 934 922 1015 potest,
954 932 1014 997 rite
1036 934 1192 1009 servetur;
1224 933 1256 996 et
1285 932 1388 1016 potins

135 1038 353 1119 praesentiam
376 1036 543 1119 adscriptio
567 1036 686 1101 facilior
708 1034 858 1099 reddatur
883 1054 919 1099 ac
943 1054 997 1119 pro
1020 1035 1138 1101 viribus
1160 1037 1386 1123 promoveatur,

140 1140 361 1223 multiplicatis
389 1140 533 1205 canonice
558 1140 795 1205 associationem
821 1140 935 1205 centris
959 1140 1110 1224 auctoque
1132 1160 1187 1223 pro
1209 1140 1389 1225 opportuni·

140 1248 209 1309 tate
233 1244 419 1321 Zelatorum,
444 1243 654 1321 Zelatricium,
679 1244 904 1320 Promotouum,
927 1244 977 1308 vel
997 1243 1105 1326 quovis
1124 1244 1247 1309 nomine
1270 1264 1389 1310 nuncu-

141 1356 253 1431 pentur
277 1366 380 1412 eorum
405 1366 531 1412 numero
551 1346 604 1430 qui
624 1348 714 1431 juxta
737 1346 922 1430 approbatas
945 1345 1088 1412 Sodalitii
1110 1347 1195 1429 leges
1218 1366 1278 1411 non
1297 1347 1388 1413 modo

141 1450 378 1535 inscriptionum
401 1454 569 1534 utcumque
592 1452 869 1535 promovendarum
893 1450 1038 1529 officium,
1062 1450 1234 1515 sedetiam
1258 1451 1386 1517 waeri-

140 1557 235 1621 beadi
268 1556 496 1647 subdelepctcra
528 1556 663 1621 babecat
681 1555 873 1637 fucultatem.
919 1553 980 1620 Sed
1010 1574 1106 1638 quum
1128 1554 1161 1619 id
1182 1574 1237 1619 nec
1257 1573 1387 1638 semper,

141 1678 198 1723 nec
218 1659 332 1742 ubique
355 1658 421 1723 fieri
444 1658 556 1741 possit,
592 1677 648 1722 nec
678 1658 769 1741 plane
803 1659 958 1738 sufficiat,
995 1644 1164 1741 apostolica
1192 1658 1388 1743 benignitate

140 1762 364 1847 indulgendum
390 1781 455 1827 esse
478 1762 601 1828 videtur
624 1764 660 1827 ut
681 1764 734 1846 qui
751 1769 938 1844 praesentes
960 1762 1119 1827 commode
1138 1764 1304 1846 nequeunt,
1327 1780 1388 1827 non

142 1867 266 1931 omnino
290 1855 508 1944 excludantur,
543 1866 597 1931 sed
629 1866 770 1951 quamvis
801 1868 942 1933 absentes
964 1886 1018 1950 per
1037 1867 1178 1945 litteras,
1213 1868 1261 1933 vel
1289 1868 1387 1933 inter·

142 1970 261 2054 positas
284 1988 446 2053 personas,
476 1990 555 2055 quae
579 1989 629 2035 eos
651 1973 900 2055 repraesentent,
937 1971 1071 2036 adscribi
1104 1971 1236 2036 discrete
1263 1972 1388 2037 valeant

142 2074 269 2140 vitando
300 2074 393 2139 simul
425 2075 539 2139 abusus
575 2074 688 2157 quibus
718 2076 852 2139 maxime
874 2074 1093 2159 praecavendis
1117 2074 1388 2140 adscribendorum

143 2178 318 2261 praeseutia
333 2178 475 2261 exigitur.
509 2178 619 2260 Itaque
638 2197 732 2261 quum
750 2178 886 2261 plurium
902 2178 1015 2243 diversi
1031 2177 1163 2244 nominis
1179 2176 1387 2244 Sodalitatnm

143 2302 179 2347 ac
200 2284 321 2365 piorum
343 2280 476 2365 Operum
502 2282 546 2346 vis
569 2283 601 2346 et
623 2271 744 2347 utilitas
773 2283 905 2347 maxime
924 2273 978 2347 'sit
1010 2282 1043 2347 in
1077 2282 1215 2347 fidelium
1248 2304 1388 2363 camere,

143 2388 197 2472 qui
220 2387 259 2451 ad
281 2386 368 2452 varia
390 2386 517 2470 pietatis
541 2389 572 2451 et
599 2386 763 2452 charitatis
797 2386 944 2452 exercitia
977 2388 1211 2468 consociantur,
1241 2407 1279 2452 ne
1298 2407 1388 2471 prae·

143 2492 261 2557 sentiae
284 2490 419 2554 conditio
440 2490 660 2573 impedimento
683 2490 725 2555 sit
747 2491 889 2555 lelicibus
909 2491 1097 2557 Societatem
1120 2492 1326 2572 incrementis,
1351 2511 1388 2557 ac

144 2614 181 2661 ne
204 2594 331 2677 plurimi
354 2593 460 2658 fideles
483 2582 580 2658 bonae
602 2594 772 2658 voluntatis
796 2594 834 2657 ab
864 2594 1073 2678 inscriptionis
1103 2595 1252 2660 beneficio
1280 2597 1388 2660 contra

144 2698 261 2764 decreti
283 2700 417 2763 mentem
442 2697 701 2781 praepediantur,
733 2698 830 2763 Sacra
849 2698 1069 2781 congregatio,
1100 2699 1231 2763 attentis
1252 2700 1387 2782 plurium
1482 2770 1485 2773 ,

144 2801 351 2868 Sodalitatum
375 2804 407 2867 et
427 2800 562 2865 maxime
587 2802 807 2887 Episcoporum
834 2802 1110 2885 postulationibus,
1144 2803 1299 2885 praesenti
1329 2802 1387 2867 hac

143 2906 326 2989 dispositiva
359 2904 576 2970 Declaratione
613 2923 667 2987 per
701 2904 835 2987 amplam
870 2925 889 2969 a
922 2905 1030 2969 littera
1063 2905 1142 2989 legis
1177 2906 1386 2988 exceptionem

142 3010 312 3093 apostolica
335 3010 523 3079 auctoritate
549 3008 705 3086 declarat,
737 3008 834 3073 etiam
864 3007 1004 3074 obscatae
1038 3008 1078 3072 ad
1111 3008 1290 3091 hujusmodi
1320 3009 1387 3094 pias

143 3113 372 3178 associationes
397 3112 530 3176 adscribi
553 3130 650 3195 posse,
674 3114 797 3177 servata
819 3113 924 3176 tamen
947 3112 1064 3178 decreti
1087 3116 1201 3191 mente,
1223 3114 1336 3197 spiritu
1352 3132 1388 3178 ae

144 3236 250 3301 scopo,
283 3220 319 3281 nt
349 3217 469 3282 scilicet
492 3234 552 3281 non
575 3216 674 3281 solum
697 3218 850 3298 augeatur
872 3235 1031 3295 numerus,
1062 3217 1116 3282 sed
1147 3217 1243 3282 etiam
1272 3217 1390 3282 adscri-

101 3306 106 3311 ’
142 3320 314 3387 bendorum
337 3320 491 3386 devotioni
515 3321 703 3399 consulatur,
727 3340 786 3386 non
811 3322 938 3401 temere,
959 3322 1070 3387 leviter
1091 3340 1128 3387 ac
1147 3322 1309 3386 turmatim
1325 3322 1390 3387 col-

143 3425 234 3490 lectis
248 3424 432 3502 nomiuibus,
448 3424 501 3490 sed
518 3425 649 3489 discrete
665 3442 702 3489 ne
715 3424 779 3502 alii,
795 3426 946 3508 quantum
962 3425 1029 3491 fieri
1040 3427 1151 3510 potest,
1169 3425 1388 3505 inscribantur,

145 3528 206 3593 nisi
228 3528 282 3611 qui
304 3531 448 3595 absentes
469 3528 594 3614 quidem
614 3548 753 3612 corpore,
778 3529 831 3594 sed
854 3532 1031 3614 praesentes
1052 3531 1181 3613 spiritu,
1204 3530 1336 3595 scientes
1356 3531 1389 3594 et

143 3633 283 3699 volentes
306 3634 375 3717 piae
396 3634 544 3699 Societati
562 3633 713 3713 adscribi,
743 3634 886 3717 inJuncta
915 3653 1008 3719 opera
1035 3633 1204 3717 adimplere
1227 3636 1259 3699 et
1281 3633 1389 3697 ludul-

144 3740 267 3823 gentias
290 3739 405 3803 lucrari
426 3738 602 3805 intendunt.
1031 3820 1034 3824 ἵ

253 3844 287 3907 V.
335 3844 427 3907 Porro
462 3844 652 3926 exceptiones
686 3842 834 3925 speciales
868 3842 918 3908 vel
951 3844 988 3908 ob
1023 3843 1154 3925 probata
1183 3840 1386 3924 quarumdam

144 3946 352 4012 Sodalitstum
374 3946 517 4024 Statuta,
545 3965 623 4028 quae
654 3946 829 4011 absentium
857 3946 955 4010 etiam
977 3946 1208 4028 inscriptionem
1231 3946 1389 4013 includere

144 4054 200 4115 aut
223 4069 392 4135 supponere
416 4053 470 4115 aut
493 4050 634 4133 flagitare
645 4050 811 4126 videntum
836 4050 885 4114 vel
903 4050 940 4115 ob
957 4049 1138 4134 privilegia3
1162 4051 1211 4116 vel
1225 4052 1263 4117 ob
1280 4051 1389 4135 singu-

144 4154 243 4219 larem
273 4154 411 4219 fidclinm
442 4152 632 4219 devotionem
661 4171 716 4218 sua
737 4153 854 4217 directe
876 4153 1023 4217 mittendi
1043 4155 1168 4220 nomina
1190 4155 1231 4219 ad
1253 4155 1398 4238 iusignia*

145 4258 297 4342 quaedam
323 4257 524 4335 Sanctuaria,
547 4256 754 4322 Sodalitatum
778 4259 902 4336 ceutra3
936 4258 986 4324 vel
1010 4258 1141 4341 denique
1164 4259 1202 4323 ob
1226 4260 1312 4324 varia
1334 4258 1390 4323 So·

146 4361 330 4440 dalitatum,
355 4379 571 4444 personarum,
592 4362 727 4426 locorum
750 4380 787 4427 ac
806 4362 979 4445 temporum
999 4362 1163 4446 adjuncta,
1187 4362 1303 4445 partim
1322 4362 1389 4445 jam

144 4466 195 4533 vel
215 4465 400 4545 declaratae,
424 4466 472 4531 vel
495 4465 533 4530 ad
556 4467 678 4549 tempus
701 4483 872 4549 concessae,
895 4468 971 4550 quin
993 4485 1116 4533 necesse
1138 4467 1181 4533 sit
1203 4484 1256 4531 eas
1279 4464 1390 4549 singil-

175 4570 270 4617 Archiv
284 4570 324 4617 l'dr
339 4570 528 4617 Kirchenrecht.
545 4568 622 4618 XLV.
1181 4624 1182 4629 ¹
1244 4567 1286 4633 14
