3209 4859
199 148 262 213 200
422 164 588 233 aucpcvaca
607 164 721 219 11111
740 164 800 218 err.
819 157 903 218 xrrr.
923 164 973 217 aa.
992 163 1019 217 a.
1042 143 1111 217 nec'.
1130 160 1216 216 1sso.

202 340 314 420 »atque
337 354 441 401 amore
463 335 679 419 dignissimum
703 335 925 402 existimamus.
969 334 1035 399 Nec
1057 333 1123 399 sine
1146 334 1294 417 peculiari
1320 334 1455 400 divinae

203 441 431 525 »providentiae
465 440 591 505 consilio
630 441 753 504 tantum
788 438 942 503 commodi
976 441 1068 521 atque
1102 438 1250 503 utilitatis
1285 439 1455 505 Ecclesiae

203 545 406 629 »nuperrimis
432 544 517 609 hisce
546 544 738 627 temporibus
762 541 921 607 obvenisse
944 541 1129 607 censendum
1153 544 1208 608 est.
1255 543 1336 606 Dum
1360 543 1453 608 enim

204 650 399 734 »omnigena
422 648 532 713 inferni
566 648 664 713 hostis
695 646 946 712 machinamenta
981 645 1128 710 dilectam
1160 645 1277 712 Christi
1300 665 1454 730 sponsam

203 753 386 830 »lacessunt
410 752 488 817 nihil
506 753 552 817 illi
569 752 768 836 opportunius
784 751 963 834 contingere
979 751 1108 833 poterat,
1134 768 1227 833 quam
1242 758 1278 815 ut
1293 750 1454 817 desiderio

204 856 438 940 »propagandae
471 857 643 922 catholicae
674 855 817 920 veritatis
851 854 1077 919 Christifideles
1109 854 1294 919 inflammat
1326 856 1454 938 junctis

204 959 346 1040 »studiis
371 960 544 1042 collataque
567 978 621 1043 ope
645 977 750 1023 omnes
773 958 896 1023 Christo
911 958 1093 1023 lucrifacere
1109 959 1322 1026 conarentur«
1359 959 1454 1026 Hace

202 1065 378 1149 prolocutus
398 1065 564 1148 Episcopus
599 1063 800 1140 hortabatur,
833 1063 869 1127 ut
902 1061 1007 1127 sedulo
1030 1063 1158 1145 agerent
1180 1062 1212 1126 in
1226 1047 1293 1127 'sua
1315 1064 1453 1147 quisque

204 1168 358 1261 Dioeoesi,
387 1170 423 1233 ut
457 1171 520 1232 tam
551 1167 688 1231 salutare
715 1167 896 1231 institutum
920 1184 996 1230 nova
1020 1166 1157 1247 quotidie
1179 1166 1372 1233 incrementa
1391 1188 1451 1233 ca·

191 1274 297 1356 peret.
388 1272 494 1356 Neque
518 1292 536 1337 a
557 1271 698 1355 vestigiis
721 1269 899 1335 Decessoris
922 1269 970 1333 sui
992 1270 1115 1335 deflexit
1138 1270 1289 1353 gloriosae
1303 1272 1453 1338 recorda-

203 1376 297 1440 tionis
318 1376 393 1441 Pius
415 1376 489 1455 IX.,
517 1377 570 1459 qui
593 1375 710 1440 nullam
734 1374 943 1457 praetermisit
962 1374 1150 1438 occasionem
1173 1375 1327 1457 juvandae
1348 1378 1451 1441 socie-

202 1480 277 1545 tatis
301 1479 529 1556 mcritissimae,
553 1479 680 1561 ejusque
699 1477 915 1562 prosperitatis
937 1478 969 1540 in
993 1477 1093 1559 majus
1117 1479 1338 1558 provehendae.
1387 1479 1452 1544 Re-

204 1602 275 1649 vera
298 1585 484 1649 auctoritate
507 1583 572 1665 ejus
597 1582 747 1665 ampliora
768 1580 956 1664 pontificalis
987 1578 1199 1663 indulgentiae
1228 1581 1392 1666 privilegia
1412 1584 1450 1647 in

204 1687 301 1753 socios
325 1688 441 1753 collata
462 1687 714 1764 sunt„excitata
741 1686 778 1749 31
802 1685 869 1767 ejus
891 1684 990 1768 operis
1013 1684 1185 1749 subsidium
1208 1685 1450 1753 christianorum

205 1792 324 1874 pietas,
357 1793 389 1855 31
420 1790 681 1874 praestantissimi
710 1808 726 1854 3
759 1789 912 1853 sodalium
947 1808 1094 1866 numero,
1123 1807 1252 1873 quorum
1276 1791 1450 1875 singularia

205 1894 318 1960 merita
339 1894 564 1971 const'tissent,
589 1893 682 1958 variis
705 1892 855 1958 honorum
878 1890 1052 1973 insignibus
1072 1892 1226 1969 decorati3
1249 1894 1373 1959 demum
1396 1913 1449 1958 cx-

204 2002 295 2065 terna
316 2000 435 2082 aliquot
458 1998 653 2083 adjumenta,
677 2016 754 2079 quae
778 1995 850 2059 huie
872 1996 1019 2060 instituto
1042 2000 1253 2076 accesserant,
1278 1998 1316 2062 ab
1340 1999 1448 2065 eodem

205 2103 356 2169 Pontifice
378 2102 488 2167 ornata
509 2100 600 2166 laude
624 2102 655 2165 et
678 2099 868 2183 amplificata
891 2102 972 2163 sunt.

309 2206 425 2271 Eodem
448 2208 585 2289 tempore
608 2205 775 2269 aemulatio
798 2202 924 2287 pietatis
945 2203 1065 2279 effecit,
1101 2203 1137 2267 ut
1166 2204 1256 2268 binae
1286 2204 1367 2270 aliae
1396 2226 1448 2283 so-

208 2311 338 2377 cietates
360 2309 582 2387 coalescerent,
614 2326 744 2390 quarum
773 2308 873 2372 altera
896 2326 915 2371 a
937 2327 1031 2371 sacru
1052 2308 1134 2373 Jesu
1156 2306 1277 2373 Christi
1297 2310 1447 2392 infautia,

207 2416 306 2481 altera
329 2434 347 2479 a
369 2414 491 2480 debetis
515 2412 654 2479 Orientis
677 2413 855 2494 nuncupata
870 2412 927 2478 est.
955 2411 1056 2477 Priori
1071 2412 1260 2495 propositum
1276 2414 1323 2477 est
1337 2414 1449 2479 tollere

206 2523 239 2585 et
259 2520 297 2583 ad
320 2518 504 2583 christianos
527 2535 626 2581 mores
649 2516 778 2581 educere
798 2515 933 2580 infantes
956 2515 1154 2593 miserrimos,
1178 2534 1254 2598 quos
1269 2516 1388 2582 desidia
1400 2518 1449 2583 vel

207 2625 347 2708 egestate
378 2621 527 2704 compulsi
562 2623 704 2704 parentes
741 2619 953 2685 inhumaniter
990 2621 1159 2702 exponunt,
1201 2621 1383 2703 praesertim
1416 2622 1449 2686 iu

207 2727 381 2795 sinensium
401 2726 587 2809 regionibus,
611 2725 664 2789 ubi
687 2724 755 2808 plus
779 2726 827 2789 est
840 2724 933 2808 hujus
949 2725 1093 2789 barbaria
1107 2724 1200 2789 moris
1216 2725 1342 2793 usitata.
1374 2725 1449 2791 Illos

206 2834 311 2918 itaque
335 2830 529 2913 peramanter·
549 2828 662 2911 excipit
682 2827 832 2893 sodalium
857 2828 989 2905 caritas,
1023 2828 1182 2911 pretioque
1211 2828 1368 2894 interdum
1398 2850 1447 2895 re-

206 2937 347 3019 demptos
370 2932 559 2999 christianae
582 2930 823 3015 regenerationis
845 2931 968 2996 lavacro
992 2930 1160 2996 abluendos
1183 2933 1289 3010 curat,
1324 2935 1361 2997 ut
1389 2933 1449 2997 sci·

206 3040 281 3105 licet
303 3037 351 3102 rel
374 3038 406 3101 in
429 3035 586 3102 Ecclesiae
613 3055 713 3120 spem,
752 3037 814 3101 beo
842 3036 989 3119 juvante,
1024 3036 1219 3112 adolescant,
1253 3036 1301 3100 vel
1336 3036 1448 3101 saltem

209 3144 307 3208 morte
330 3140 486 3223 occupatis
509 3141 714 3224 sempiternae
735 3139 896 3205 felicitatis
918 3140 1084 3222 potiundae
1107 3140 1240 3205 facultas
1256 3140 1449 3223 praebeatur.

211 3283 249 3291 -
274 3244 415 3311 Sollicita
439 3244 486 3308 est
509 3243 546 3307 de
574 3243 820 3308 adolescentibus
849 3243 913 3307 alia
941 3263 1033 3327 quam
1064 3242 1370 3308 commemoravimus
1402 3262 1451 3309 so-

209 3350 323 3426 cietas,
347 3347 492 3430 omnique
514 3346 669 3411 industria
692 3347 867 3426 contendit,
897 3349 932 3411 nt
954 3347 976 3411 ii
1000 3366 1074 3412 sana
1097 3347 1238 3411 doctrina
1259 3346 1450 3426 imbuantur,

209 3453 374 3535 studetque
398 3450 557 3534 prohibere
581 3450 702 3515 fallacis
725 3450 864 3534 pericula
886 3452 1051 3528 scientiae,
1081 3451 1120 3515 31
1150 3470 1243 3534 quam
1266 3451 1353 3535 proni
1377 3471 1448 3535 per-

208 3576 298 3641 saepe
317 3555 366 3621 illi
387 3556 528 3621 feruntur
551 3556 587 3621 ob
612 3555 817 3637 improvidam
845 3555 982 3620 discendi
1005 3554 1218 3638 cupiditatem.
1244 3592 1279 3600 —
1305 3554 1449 3620 Ceterum

207 3663 338 3743 utraque
363 3660 511 3725 sodalitas
535 3658 702 3742 antiquiori
725 3658 783 3735 illi,
809 3658 858 3723 cui
878 3679 897 3723 a
919 3659 989 3723 fidei
1012 3658 1233 3743 propagatione
1256 3678 1365 3723 nomen
1391 3662 1450 3738 est,

208 3763 393 3847 adjutricem
409 3782 531 3847 operam
551 3763 687 3846 praebet,
704 3764 737 3827 et
748 3762 828 3845 stipe
840 3763 1042 3845 precibusque
1056 3762 1294 3827 christianarum
1308 3763 1449 3847 gentium

207 3867 383 3932 sustentata
406 3868 444 3931 31
467 3868 550 3931 idem
572 3868 763 3950 propositum
788 3868 887 3932 amico
908 3867 1028 3931 loedere
1048 3866 1219 3949 conspirat;
1244 3885 1350 3931 omnes
1365 3866 1449 3931 enim

208 3990 243 4035 eo
272 3970 456 4048 intendunt,
491 3973 527 4035 ut
559 3970 755 4055 evangelicae
790 3971 868 4036 lucis
898 3971 1060 4037 diffusione
1083 3970 1304 4053 quamplurimi
1327 3971 1366 4034 ab
1389 3971 1450 4035 dc·

207 4074 318 4139 clesiae
341 4076 473 4139 extorres
496 4075 621 4140 veniant
644 4075 683 4139 11
703 4075 894 4159 agnitionem
913 4075 979 4153 Dei,
1003 4076 1141 4158 llumque
1165 4074 1277 4153 colant,
1301 4076 1333 4138 et
1356 4093 1448 4156 quem

206 4178 294 4244 misit
315 4178 424 4243 Jesum
449 4177 617 4244 Christum.
664 4179 787 4243 Meritis
809 4179 936 4261 proinde
966 4178 1127 4256 laudibus,
1162 4178 1247 4242 velut
1279 4178 1449 4257 innuimus,

207 4282 282 4347 haec
308 4281 368 4345 duo
391 4281 552 4359 instituta,
585 4282 666 4346 datis
697 4282 883 4364 Apostolicis
905 4282 1033 4359 litteris,
1065 4279 1187 4346 ornavit
1207 4280 1283 4345 Pius
1305 4281 1361 4346 IX.
1386 4281 1449 4346 De-

206 4404 308 4452 cessor
326 4385 448 4463 Noster,
471 4385 570 4468 iisque
593 4404 696 4449 sacras
721 4385 936 4470 indulgentias
958 4386 1129 4451 liberaliter
1151 4386 1199 4451 est
1222 4386 1381 4469 elargitus.

309 4490 420 4574 Itaque
447 4508 517 4555 cum
544 4490 606 4554 tria
636 4489 783 4556 sodalitia
811 4491 879 4555 tam
906 4491 991 4556 certa
1022 4489 1206 4557 Pontificum
1241 4489 1447 4555 maximorum
