3209 4859
442 173 531 231 Decr.
549 189 573 227 a.
594 172 706 244 Oonpr.
724 173 786 228 Rit·
807 174 858 235 dd,
879 173 904 228 7.
925 171 1002 243 Aop.
1020 171 1102 226 1875.
1332 154 1396 220 205

151 349 231 415 cella
254 345 441 431 campestria
461 364 555 429 penes
576 361 656 428 quae
675 343 819 412 sacerdos
854 345 890 410 ut
924 344 1095 428 plurimum
1128 345 1259 423 residet,
1293 345 1397 430 ibique

152 453 306 531 celebrat,
340 452 373 516 et
395 449 589 516 sacramenta
617 448 796 524 ministrat3
832 450 861 514 2.
890 447 1035 514 Oratoria
1058 448 1354 516 confraternitatum
1378 467 1398 516 a

152 555 382 641 parochialibus
401 553 560 638 sejuncta3
583 553 614 618 3.
637 550 723 633 Quae
744 553 839 637 uulgo
860 553 1006 620 dicuntur
1028 551 1222 633 SanctuarIa,
1238 555 1269 622 iu
1285 555 1398 640 quibus

152 661 205 726 vel
226 659 343 744 aestino
364 658 557 724 solummodo
579 658 736 741 tompore,
759 658 809 723 uel
833 657 996 742 aliquoties
1017 658 1141 724 tantum
1165 657 1279 724 Missae
1301 659 1399 725 sacri·

152 764 259 830 ficium
282 763 483 828 celebraturi

259 901 396 966 Dubium
418 899 461 966 II.
507 899 616 964 Altare
647 918 683 963 ex
711 898 848 964 Rubrica
878 897 971 964 debet
998 917 1063 964 esse
1084 899 1250 984 lapideum.
1296 901 1398 985 Quum

154 1010 261 1072 autem
294 1007 332 1070 ab
367 1024 421 1069 ara
455 1002 594 1086 portabili
626 1004 660 1067 in
694 1019 729 1067 eo
765 1000 888 1067 differat
927 1003 1025 1068 altare
1056 1003 1167 1082 lixum,
1201 1005 1282 1088 quod
1315 1005 1401 1072 istud

155 1110 353 1193 conjunctum
377 1126 443 1173 esse
467 1107 578 1171 debeat
600 1125 671 1172 cum
695 1105 817 1189 stipite,
852 1107 884 1170 ei
920 1104 1035 1171 idcirco
1069 1107 1165 1190 stipes
1197 1129 1266 1175 cnm
1294 1131 1401 1177 mensa

156 1234 253 1278 unum
276 1212 350 1295 quid
373 1211 552 1290 constituat,
577 1210 720 1293 consequi
744 1209 876 1288 uldetun
901 1210 1039 1294 stipitem
1062 1211 1164 1294 ipsum
1188 1211 1307 1294 debere,
1341 1236 1400 1282 non

156 1336 245 1382 secus
267 1335 304 1381 ac
327 1334 483 1393 mensam,
514 1333 580 1379 esse
598 1315 774 1398 lapideum,
810 1316 949 1379 att-amen
983 1317 1212 1381 canonistarum
1235 1337 1401 1404 eorumque

157 1420 360 1487 celebriorum
393 1420 507 1502 scripta
533 1419 691 1495 evolvens,
728 1417 849 1482 eosdem
886 1417 1113 1482 consentientes
1145 1421 1259 1502 reperit
1288 1422 1320 1486 in
1347 1423 1401 1488 do·

156 1523 270 1601 cando,
301 1522 477 1585 inferiorem
508 1541 629 1586 mensae
653 1522 845 1586 structuram
869 1539 935 1585 esse
958 1539 1045 1602 posse
1063 1513 1239 1588 lateritiam
1263 1523 1403 1611 (Maner-

158 1627 241 1692 werk
264 1645 321 1690 aus
343 1623 600 1709 Ziegelsteinen),
630 1627 662 1688 et
692 1625 768 1688 satis
799 1642 883 1700 esse,
919 1625 945 1688 si
970 1626 1077 1688 tabula
1100 1644 1153 1690 sen
1177 1647 1282 1692 mensa
1305 1631 1346 1694 sit
1369 1650 1405 1696 eu
1496 1713 1499 1719 Ι

158 1730 271 1815 lapide.
316 1728 468 1811 liturgici
490 1729 654 1811 scriptores
677 1727 725 1792 vel
748 1727 871 1809 penitus
894 1727 1003 1806 silent,
1036 1729 1083 1793 vel
1106 1731 1182 1795 adeo
1205 1733 1315 1798 leuiter
1338 1753 1404 1799 rem

159 1833 334 1917 attingunt,
357 1834 393 1897 ut
416 1833 533 1897 certam
557 1850 616 1896 non
638 1830 767 1896 tradant
787 1831 938 1914 regulam,
968 1833 1090 1914 praeter
1110 1855 1203 1900 unum
1226 1838 1403 1904 recentissi-

158 1957 257 2014 mum,
284 1937 372 2001 Pium
395 1937 594 2017 Martinuoci,
618 1935 719 2020 quiin
735 1955 789 2001 suo
806 1936 948 2001 Manuali
967 1955 1125 2003 sacrarum
1143 1941 1404 2008 caeremoniarum

159 2043 277 2107 Minae
309 2040 392 2106 edito
425 2059 506 2104 anno
538 2060 606 2105 mou
642 2039 745 2122 elapso
779 2038 833 2104 lib.
856 2039 929 2103 XII.
960 2058 1026 2123 cap.
1051 2041 1169 2106 XVIII.
1193 2065 1222 2110 n.
1246 2045 1276 2108 2.
1300 2049 1405 2128 aperte

160 2145 271 2223 tradIt,
292 2145 431 2228 stipitem
455 2162 541 2226 posse
565 2143 689 2227 quidem
713 2161 780 2207 esse
802 2142 987 2240 lateritium,
1011 2143 1064 2208 sed
1087 2150 1218 2228 quatuor
1234 2148 1406 2216 columellis

161 2249 292 2333 lapideis
315 2249 428 2313 saltem
451 2248 564 2313 instrui
588 2248 712 2326 debere,
735 2247 847 2330 quibus
870 2265 976 2311 mensa
999 2247 1149 2328 insideat,
1173 2271 1312 2336 quaeque
1335 2274 1405 2321 cnm

162 2372 270 2418 mensa
297 2353 365 2436 ipsa
394 2372 447 2436 per
475 2371 594 2416 sacram
618 2351 794 2417 unctionem
819 2351 1055 2434 conjungantur.
1101 2351 1195 2440 Hisce
1218 2359 1407 2440 praemissis,

161 2456 317 2520 suflicitne
340 2454 448 2520 altaris
471 2455 523 2519 firi
546 2455 685 2538 stipitem
707 2474 772 2520 esse
795 2455 989 2534 lateritium,
1024 2475 1063 2521 an
1093 2461 1214 2540 oportet
1238 2481 1303 2526 esse
1326 2463 1405 2547 lapi·

161 2561 265 2637 deum,
288 2559 400 2624 saltem
423 2579 485 2644 qua
507 2559 627 2625 ratione
648 2560 791 2624 innuitur
814 2579 833 2624 a
855 2560 982 2626 laudato
1006 2561 1177 2644 scriptore?

266 2697 405 2762 Dubium
428 2698 487 2762 III.
533 2699 716 2764 Pontifioale
747 2700 921 2765 Romanurn
950 2700 1132 2783 praescribit
1155 2701 1268 2784 vigilis
1291 2708 1407 2788 persol-

163 2800 278 2867 vendas
300 2802 372 2866 ente
394 2802 541 2886 reliquias
557 2803 589 2868 in
605 2804 700 2868 altari
722 2804 930 2885 reponendas;
954 2803 1110 2869 sufficitue
1127 2805 1319 2873 Matutinum
1336 2830 1406 2876 cum

162 2905 321 2970 Laudibus
343 2905 438 2970 semel
464 2907 644 2989 uespertinis
670 2906 753 2973 boris
776 2906 926 2990 persolvi,
960 2906 1064 2972 clauso
1098 2911 1206 2992 postea
1227 2917 1407 2980 remanente

162 3006 298 3074 tentorio
320 3008 369 3073 uel
389 3010 519 3087 sacello,
542 3030 582 3074 an
602 3013 670 3076 tota
695 3011 783 3075 nocte
807 3010 1017 3093 psallendum,
1039 3010 1134 3078 donec
1157 3013 1306 3098 reliq-uiae
1324 3017 1408 3102 ipsae

164 3111 431 3194 processIonaliter
454 3113 633 3180 deierantur
659 3114 699 3178 ad
725 3114 826 3179 altare
850 3114 1108 3195 consecrandum,
1141 3117 1231 3202 juxta
1262 3120 1295 3186 id
1326 3125 1408 3206 quod

162 3213 294 3278 tradunt
320 3215 489 3282 catalenus
519 3218 549 3282 in
580 3218 694 3285 Pontis.
717 3219 804 3283 Rom.
829 3222 860 3282 et
883 3217 1111 3299 GardelliniuS,
1146 3241 1201 3288 seu
1235 3226 1335 3308 quivis
1367 3229 1408 3294 sit

167 3319 274 3382 auctor
296 3318 505 3386 adnotationis
528 3320 566 3386 ad
589 3341 693 3388 sacrae
718 3323 847 3386 Ritunm
874 3322 1129 3407 Congregationis
1153 3326 1275 3408 Deerat.
1298 3330 1409 3396 4593?

271 3456 408 3521 Dubium
431 3459 486 3525 IV.
540 3459 723 3525 Pontificale
757 3459 931 3526 Romamm
965 3462 996 3526 in
1031 3462 1167 3528 Rubrioa
1200 3467 1411 3548 praeliminari

167 3560 351 3641 praescribIt
372 3562 509 3644 paranda
534 3564 593 3630 duo
613 3563 771 3629 intorticia
794 3583 940 3642 accensa,
972 3585 1050 3650 quae
1080 3585 1200 3651 semper
1225 3572 1410 3653 praecedant

168 3662 368 3741 Pontificem
397 3668 429 3730 et
450 3667 616 3750 incipiente
640 3668 790 3752 Episcopo
813 3669 947 3736 autemus
971 3670 1133 3736 circumIre
1155 3671 1343 3755 Ecclesiam,
1378 3677 1411 3742 id

167 3767 319 3850 praecipit
338 3770 592 3850 praecedentibus
616 3772 733 3837 duobus
757 3773 888 3858 acolytis
916 3793 986 3839 curn
1022 3775 1159 3842 candelis
1194 3780 1347 3850 accensu:
1377 3783 1410 3848 in

167 3871 297 3955 utroque
320 3872 386 3938 loco
409 3876 497 3940 nulla
519 3876 556 3942 lit
578 3877 693 3943 mentio
714 3877 752 3943 de
768 3898 858 3943 cruce
873 3880 1100 3963 processionali,
1125 3902 1204 3966 quae
1220 3885 1294 3950 tuuc
1310 3886 1410 3951 solum

167 3974 333 4040 deferenda
356 3978 586 4058 praescribitur,
609 4000 703 4064 quum
728 3981 897 4066 Episcopus
921 4002 990 4048 cum
1014 3984 1094 4050 clero
1118 3987 1254 4069 procedit
1276 3989 1314 4054 ad
1338 3991 1411 4055 reli·

166 4078 256 4162 quias
278 4081 311 4144 in
334 4081 505 4148 Ecclesiam
529 4084 767 4150 consecrandam
782 4087 961 4152 solemniter
979 4089 1215 4156 transferendas.
1245 4093 1412 4161 Nonnullis

165 4184 272 4247 tamen
293 4185 392 4249 visum
413 4185 490 4263 tuit,
524 4206 645 4252 crucem
670 4188 831 4255 bastatam
855 4189 1062 4259 adhibendam
1086 4213 1151 4260 esse
1175 4196 1212 4261 ab
1236 4197 1302 4281 ipso
1325 4197 1411 4265 bruc-

167 4285 263 4350 tionis
285 4286 393 4366 initio,
425 4288 486 4354 buc
508 4291 638 4357 sortasse
660 4293 816 4358 translata
839 4295 974 4365 Rubriae
994 4297 1129 4364 Ribualis
1153 4300 1283 4366 Romani
1307 4302 1412 4388 (Ritus

166 4390 368 4456 benedicendi
389 4411 500 4458 nouam
522 4395 708 4481 Ecclesiam)
731 4396 785 4462 ubi
806 4399 940 4483 legitur:
968 4403 1112 4470 Praelata
1132 4423 1222 4470 cruce
1239 4406 1322 4472 inter
1336 4407 1412 4472 duos

167 4493 295 4560 clericos
317 4493 490 4563 deferentes
512 4517 615 4566 cereos
637 4517 791 4569 accensos.
838 4503 932 4571 Estne
961 4524 1034 4572 crux
1063 4508 1297 4592 processionaIIs
1321 4509 1411 4574 adbi-
