3209 4859
225 163 290 230 204
504 184 592 239 cece.
612 200 636 239 s.
656 183 767 253 eoopr.
787 185 961 239 mcccc.
982 184 1094 239 Mareu
1111 183 1198 240 1870.

225 353 394 425 Begleituug
411 355 540 425 verlangt
562 355 641 421 wind,
670 355 723 410 deu
749 355 872 411 conduct
898 373 931 410 nu
957 355 1118 426 gestatten?
1153 355 1189 411 Es
1207 355 1245 412 ist
1263 357 1367 412 solehes
1392 358 1478 414 unter

218 440 393 500 [Umstduden
410 442 488 496 nieht
503 458 536 496 nu
553 459 692 513 semegem
710 442 768 497 dies
786 443 901 513 mueugt
919 442 1060 512 folgenden

478 546 566 612 Decr.
589 565 614 612 s.
639 547 750 633 Congu.
774 547 839 615 Rit.
863 547 914 614 dd.
941 549 970 613 5.
992 545 1101 612 Martii
1127 545 1221 614 1870.

765 703 915 770 Brisicu.

330 821 430 886 Itmus
452 821 490 889 D.
509 823 715 908 Hieronymus
739 823 861 889 Verzeri
884 822 1052 906 Episcopus
1075 823 1208 890 BrIxieu.
1234 841 1390 888 sacrorum
1411 823 1473 890 Ri-

229 923 318 988 tuum
339 924 580 1011 Congregationi
603 927 741 1010 exposuit
764 927 797 992 in
819 926 1032 1012 Longobardia
1048 945 1163 992 morem
1179 926 1326 992 inoluisse
1342 926 1475 991 statutis

228 1028 468 1113 municipalibus
490 1031 650 1096 firmatum
673 1033 754 1112 quod
776 1032 967 1097 mortuorum
988 1030 1139 1096 cadauera
1160 1049 1178 1094 1
1199 1030 1289 1097 domo
1312 1031 1351 1095 ad
1373 1031 1475 1096 eccle·

227 1131 306 1197 siam
330 1133 423 1198 stab
447 1134 568 1199 beced
591 1136 809 1200 coemeterium
841 1135 873 1200 in
888 1215 893 1228 .
907 1135 1097 1218 sarcophago
1130 1153 1221 1199 curru
1254 1133 1398 1217 imposito
1431 1134 1474 1199 ab

227 1237 313 1320 equis
336 1237 498 1304 rebantur.
544 1239 593 1304 Ne
616 1241 719 1304 autern
744 1240 846 1316 clerus
869 1239 964 1304 sacris
984 1238 1123 1302 restibus
1147 1236 1273 1304 Indutus
1293 1257 1364 1302 cum
1381 1257 1475 1303 cruce

226 1342 299 1404 ante
321 1360 413 1426 equos
435 1343 598 1425 procedere
620 1345 750 1427 cogatur
771 1346 874 1408 orator
898 1341 1062 1408 coustituit
1084 1343 1120 1406 ut
1143 1342 1264 1425 quoties
1286 1342 1329 1424 in¹
1343 1341 1476 1406 civItate

226 1444 378 1510 Brixieusi
401 1466 509 1512 currus
532 1449 562 1512 iu
586 1447 745 1512 funeribus
765 1446 914 1512 ducendis
933 1444 1136 1523 adhibeatur,
1164 1446 1265 1511 clerus
1287 1465 1358 1510 cum
1381 1465 1476 1511 cruce
1595 1471 1596 1514 r

225 1565 285 1612 nou
308 1550 473 1616 comitetur
496 1552 606 1629 funus,
635 1552 689 1616 sed
723 1551 854 1634 recipiat
886 1550 1015 1615 cadaver
1038 1545 1231 1632 sarcophago
1253 1548 1408 1612 inclusum
1431 1549 1475 1612 ad

226 1650 336 1732 ianuas
358 1654 507 1719 ecclesiae
523 1654 747 1738 persolutisque
764 1653 911 1736 exequiis,
935 1652 961 1716 si
978 1651 1017 1716 ad
1038 1652 1256 1716 coemeterium
1272 1670 1363 1734 super
1378 1671 1473 1716 curru
1594 1667 1596 1728 ς

226 1753 426 1821 deferendum
449 1757 508 1835 sit,
542 1757 644 1840 ipsum
667 1759 704 1821 ad
729 1757 809 1822 fores
832 1756 979 1822 scelestae
1002 1755 1169 1821 victoribus
1190 1754 1309 1819 reddat.
1356 1755 1473 1819 Verum
1595 1803 1596 1842 5

227 1877 322 1941 quum
342 1859 375 1924 id
394 1879 487 1943 aegro
516 1859 620 1926 ferant
652 1860 800 1944 permulti
834 1878 870 1924 ac
904 1859 1130 1943 quaerimonias
1166 1858 1299 1923 excitent
1328 1857 1473 1940 parochis
1594 1847 1596 1922 l

225 1963 410 2046 praesertlm
430 1965 675 2043 molestissimas,
697 1969 863 2048 antequam
886 1983 939 2047 per
961 1963 1104 2046 generale
1128 1963 1286 2027 decretum
1302 1961 1474 2045 quidquam

227 2066 403 2149 praedictus
436 2070 539 2135 orator
572 2070 691 2135 statuat
723 2069 761 2134 ab
784 2067 893 2134 eadem
916 2086 1004 2134 sacra
1026 2066 1271 2150 congregatione
1295 2065 1473 2130 humillime

224 2171 452 2256 insequentium
476 2173 639 2239 dubiorum
662 2171 847 2236 solutionem
867 2169 1084 2254 expostulavit,
1109 2168 1271 2234 nimirum:

330 2277 355 2342 I.
400 2279 512 2344 Utrum
548 2281 580 2344 in
613 2278 772 2344 funeribus
804 2277 951 2344 ducendis
984 2275 1110 2342 tolerari
1138 2276 1233 2359 queat
1253 2293 1327 2340 usus
1351 2293 1471 2353 currus

225 2398 317 2464 super
340 2400 400 2464 quo
421 2382 598 2464 imponatur
620 2383 768 2450 feretrum
792 2382 879 2466 equis
900 2381 1071 2446 vehendum
1100 2379 1138 2444 ad
1163 2379 1326 2445 ecclesiam
1348 2381 1380 2442 et
1403 2397 1474 2445 coe·

227 2484 413 2552 meterium?
866 2483 869 2488 ’

330 2590 371 2655 ΙΙ.
417 2591 458 2656 Et
483 2592 636 2675 quatenus
663 2589 865 2666 affirmatius,
895 2590 1000 2672 utrum
1026 2587 1177 2672 parochus
1201 2587 1232 2649 et
1254 2587 1354 2651 clerus
1378 2587 1474 2652 funus

227 2694 338 2760 ducere
360 2694 479 2778 possint
501 2695 597 2761 sacris
619 2695 757 2760 vestibus
780 2694 882 2759 induti
903 2695 1066 2775 erectaque
1089 2708 1189 2765 cruce,
1214 2710 1252 2754 an
1270 2690 1309 2756 ad
1323 2691 1473 2757 ecclesiae

222 2799 336 2882 januas
370 2799 520 2865 feretrum
555 2799 693 2882 excipere
724 2816 760 2862 ac
784 2798 853 2880 post
877 2796 1020 2880 exequias
1040 2794 1129 2878 juxta
1151 2794 1276 2858 Rituale
1298 2795 1474 2877 persolutus

225 2903 341 2970 ibidem
363 2904 491 2970 reddere
513 2903 656 2982 debeant,
677 2921 767 2985 super
791 2921 882 2966 curru
906 2900 945 2966 ad
967 2899 1186 2965 coemeterium
1209 2897 1408 2964 vehendum?

330 3007 425 3074 Sacra
445 3007 652 3091 Congregatio
675 3005 904 3072 rescribendum
929 3004 1050 3070 censuit

330 3111 380 3175 Ad
399 3112 442 3178 I.:
466 3111 672 3178 Affirmatire.

331 3214 381 3280 Ad
404 3215 464 3282 II.:
487 3215 683 3281 Atfirmativo
705 3214 745 3280 ad
767 3213 901 3299 primam
916 3215 1054 3299 partem3
1079 3212 1224 3297 negative
1239 3210 1278 3276 ad
1294 3209 1475 3276 secundam.

331 3318 391 3384 Die
413 3320 444 3386 5.
465 3319 575 3386 Martii
600 3321 692 3386 1870.

535 3516 565 3576 4.
602 3509 697 3576 Circo
719 3507 990 3574 Consecrotc'orccm
1007 3507 1170 3574 Ecclesiae

502 3647 533 3714 S.
557 3648 593 3712 R.
620 3646 654 3714 (1.
679 3647 846 3712 Decretum
867 3645 917 3711 dd.
939 3646 968 3714 7.
996 3645 1078 3730 Aug.
1104 3645 1198 3710 1875.

331 3787 463 3857 &ccccc
487 3789 585 3854 Rmus
601 3787 750 3852 Dominus
767 3787 934 3854 hodiernus
947 3787 1116 3870 Episcopus
1128 3783 1296 3850 Cuneensis
1308 3782 1475 3848 nonnullas

223 3890 290 3976 jam
315 3891 504 3958 consecrauit
526 3893 557 3956 in
580 3910 637 3957 sua
658 3890 797 3956 Dioecesi
818 3890 982 3969 Ecclesiae
1009 3890 1112 3974 plures
1132 3887 1220 3968 alias,
1249 3888 1315 3952 Deo
1336 3885 1472 3963 favente,
1590 3923 1591 3926 =

226 3997 472 4062 consecraturus.
509 3997 552 4062 Ut
575 4015 646 4062 vero
670 3996 773 4061 omnic
793 3995 853 4061 rite
878 3995 1040 4079 persoluat,
1061 3993 1221 4076 sequentia
1242 3991 1334 4056 dubia
1351 3989 1473 4056 adrem

227 4099 307 4164 banc
326 4099 500 4183 spectantia
522 4120 678 4167 sacrorum
701 4101 833 4167 Ilituum
858 4098 1098 4185 Congregationi
1121 4096 1280 4164 enodanda
1301 4093 1473 4180 proposuit,

228 4223 392 4271 nrmxrum.

332 4307 468 4373 Dubium
489 4309 515 4373 I.
561 4310 689 4375 Praeter
719 4307 918 4374 Perocbiales
951 4307 1104 4372 EcclesIes
1127 4325 1205 4389 quac
1228 4324 1263 4368 cx
1284 4301 1474 4386 praescripto
1589 4365 1590 4398 q

228 4409 357 4478 Consilii
379 4411 511 4477 Romani
533 4412 589 4477 sub
613 4412 782 4478 Benedicto
805 4411 895 4476 XIII.
920 4409 997 4496 (Tit.
1024 4408 1136 4494 XXV.)
1157 4406 1327 4473 consecrari
1348 4406 1473 4484 debent,
1589 4401 1590 4440 ³

227 4517 398 4601 possuntne
420 4515 547 4600 quaeris
561 4516 641 4582 aliae
655 4515 799 4600 publicae
814 4515 971 4582 Ecclesiae
987 4513 1168 4593 consecrari,
1190 4512 1238 4579 uti
1254 4513 1342 4579 sunt:
1368 4511 1397 4578 1.
1414 4507 1474 4577 Se·
