<?xml version="1.0" encoding="UTF-8"?>
<!DOCTYPE html PUBLIC "-//W3C//DTD XHTML 1.0 Transitional//EN"
    "http://www.w3.org/TR/xhtml1/DTD/xhtml1-transitional.dtd">
<html xmlns="http://www.w3.org/1999/xhtml" xml:lang="en" lang="en">
 <head>
  <title>
</title>
<meta http-equiv="Content-Type" content="text/html;charset=utf-8" />
  <meta name='ocr-system' content='tesseract 3.04.00' />
  <meta name='ocr-capabilities' content='ocr_page ocr_carea ocr_par ocr_line ocrx_word'/>
</head>
<body>
  <div class='ocr_page' id='page_1' title='image "./archivfrkatholi17unkngoog/archivfrkatholi17unkngoog_0215.png"; bbox 0 0 3209 4859; ppageno 0'>
   <div class='ocr_carea' id='block_1_1' title="bbox 202 166 1150 255">
    <p class='ocr_par' dir='ltr' id='par_1_1' title="bbox 202 166 1150 255">
     <span class='ocr_line' id='line_1_1' title="bbox 202 166 1150 255; baseline 0.005 -21"><span class='ocrx_word' id='word_1_1' title='bbox 202 166 265 235; x_wconf 83' lang='grc'><strong>206</strong></span> <span class='ocrx_word' id='word_1_2' title='bbox 488 181 578 240; x_wconf 74' lang='lat' dir='ltr'><strong>Dece.</strong></span> <span class='ocrx_word' id='word_1_3' title='bbox 597 201 620 239; x_wconf 86' lang='lat' dir='ltr'><strong>s.</strong></span> <span class='ocrx_word' id='word_1_4' title='bbox 641 182 753 255; x_wconf 82' lang='lat' dir='ltr'><strong>Oeapr.</strong></span> <span class='ocrx_word' id='word_1_5' title='bbox 772 180 834 239; x_wconf 81' lang='lat' dir='ltr'><strong>Rit.</strong></span> <span class='ocrx_word' id='word_1_6' title='bbox 855 186 906 239; x_wconf 75' lang='lat' dir='ltr'><strong>det.</strong></span> <span class='ocrx_word' id='word_1_7' title='bbox 927 183 951 239; x_wconf 83' lang='lat'><strong>7.</strong></span> <span class='ocrx_word' id='word_1_8' title='bbox 972 184 1049 255; x_wconf 80' lang='lat' dir='ltr'><strong>Aap.</strong></span> <span class='ocrx_word' id='word_1_9' title='bbox 1066 180 1150 239; x_wconf 83' lang='lat'><strong><em>1875.</em></strong></span> 
     </span>
    </p>
   </div>
   <div class='ocr_carea' id='block_1_2' title="bbox 130 350 1537 4390">
    <p class='ocr_par' dir='ltr' id='par_1_2' title="bbox 200 350 1449 546">
     <span class='ocr_line' id='line_1_2' title="bbox 200 350 1449 436; baseline 0 -11"><span class='ocrx_word' id='word_1_10' title='bbox 200 358 334 425; x_wconf 81' lang='lat' dir='ltr'>bendum</span> <span class='ocrx_word' id='word_1_11' title='bbox 362 354 401 423; x_wconf 90' lang='lat' dir='ltr'><strong>ab</strong></span> <span class='ocrx_word' id='word_1_12' title='bbox 430 353 519 425; x_wconf 84' lang='lat' dir='ltr'><strong>initio</strong></span> <span class='ocrx_word' id='word_1_13' title='bbox 547 350 732 436; x_wconf 79' lang='lat' dir='ltr'><strong>inustionis,</strong></span> <span class='ocrx_word' id='word_1_14' title='bbox 763 374 805 422; x_wconf 92' lang='lat' dir='ltr'><strong>an</strong></span> <span class='ocrx_word' id='word_1_15' title='bbox 825 357 1043 422; x_wconf 89' lang='lat' dir='ltr'><strong>tautummodo</strong></span> <span class='ocrx_word' id='word_1_16' title='bbox 1065 357 1105 422; x_wconf 86' lang='lat' dir='ltr'><strong>ad</strong></span> <span class='ocrx_word' id='word_1_17' title='bbox 1127 351 1361 424; x_wconf 76' lang='lat' dir='ltr'><strong>translationem</strong></span> <span class='ocrx_word' id='word_1_18' title='bbox 1381 354 1449 425; x_wconf 81' lang='lat' dir='ltr'><strong>m-</strong></span> 
     </span>
     <span class='ocr_line' id='line_1_3' title="bbox 201 461 814 546; baseline -0.011 -19"><span class='ocrx_word' id='word_1_19' title='bbox 201 461 395 546; x_wconf 79' lang='lat' dir='ltr'><strong>liquiarunrl</strong></span> <span class='ocrx_word' id='word_1_20' title='bbox 811 478 814 484; x_wconf 56' lang='lat'>¹</span> 
     </span>
    </p>

    <p class='ocr_par' dir='ltr' id='par_1_3' title="bbox 199 564 1448 1275">
     <span class='ocr_line' id='line_1_4' title="bbox 303 564 1447 651; baseline 0.004 -22"><span class='ocrx_word' id='word_1_21' title='bbox 303 564 441 631; x_wconf 89' lang='lat' dir='ltr'><strong>Dubium</strong></span> <span class='ocrx_word' id='word_1_22' title='bbox 460 566 496 634; x_wconf 87' lang='lat' dir='ltr'><strong>V.</strong></span> <span class='ocrx_word' id='word_1_23' title='bbox 533 564 713 632; x_wconf 86' lang='lat' dir='ltr'><strong>Pontificale</strong></span> <span class='ocrx_word' id='word_1_24' title='bbox 735 566 845 648; x_wconf 89' lang='lat' dir='ltr'><strong>ipsum,</strong></span> <span class='ocrx_word' id='word_1_25' title='bbox 872 566 1035 648; x_wconf 80' lang='lat' dir='ltr'><strong>postquam</strong></span> <span class='ocrx_word' id='word_1_26' title='bbox 1056 566 1254 649; x_wconf 73' lang='lat' dir='ltr'><strong>praescripsit</strong></span> <span class='ocrx_word' id='word_1_27' title='bbox 1274 568 1447 651; x_wconf 87' lang='lat' dir='ltr'><strong>parandum</strong></span> 
     </span>
     <span class='ocr_line' id='line_1_5' title="bbox 200 668 1447 756; baseline 0.002 -21"><span class='ocrx_word' id='word_1_28' title='bbox 200 671 405 755; x_wconf 83' lang='lat' dir='ltr'><strong>aspersorium</strong></span> <span class='ocrx_word' id='word_1_29' title='bbox 426 670 545 735; x_wconf 89' lang='lat' dir='ltr'><strong>lactum</strong></span> <span class='ocrx_word' id='word_1_30' title='bbox 570 669 608 734; x_wconf 87' lang='lat' dir='ltr'><strong>de</strong></span> <span class='ocrx_word' id='word_1_31' title='bbox 631 668 727 735; x_wconf 89' lang='lat' dir='ltr'><strong>herba</strong></span> <span class='ocrx_word' id='word_1_32' title='bbox 751 670 891 754; x_wconf 81' lang='lat' dir='ltr'><strong>hyssopi,</strong></span> <span class='ocrx_word' id='word_1_33' title='bbox 917 669 1009 753; x_wconf 88' lang='lat' dir='ltr'><strong>hujus</strong></span> <span class='ocrx_word' id='word_1_34' title='bbox 1029 671 1136 752; x_wconf 88' lang='lat' dir='ltr'><strong>postea</strong></span> <span class='ocrx_word' id='word_1_35' title='bbox 1159 672 1284 736; x_wconf 86' lang='lat' dir='ltr'><strong>tantum</strong></span> <span class='ocrx_word' id='word_1_36' title='bbox 1306 692 1447 756; x_wconf 82' lang='lat' dir='ltr'><strong>expresse</strong></span> 
     </span>
     <span class='ocr_line' id='line_1_6' title="bbox 201 773 1447 860; baseline 0.002 -21"><span class='ocrx_word' id='word_1_37' title='bbox 201 773 353 851; x_wconf 81' lang='lat' dir='ltr'><strong>meminit,</strong></span> <span class='ocrx_word' id='word_1_38' title='bbox 377 794 472 857; x_wconf 91' lang='lat' dir='ltr'><strong>quum</strong></span> <span class='ocrx_word' id='word_1_39' title='bbox 494 773 657 853; x_wconf 82' lang='lat' dir='ltr'><strong>benedicta</strong></span> <span class='ocrx_word' id='word_1_40' title='bbox 679 791 759 856; x_wconf 89' lang='lat' dir='ltr'><strong>aqna</strong></span> <span class='ocrx_word' id='word_1_41' title='bbox 782 792 854 837; x_wconf 89' lang='lat' dir='ltr'><strong>cum</strong></span> <span class='ocrx_word' id='word_1_42' title='bbox 876 773 950 849; x_wconf 90' lang='lat' dir='ltr'><strong>sale,</strong></span> <span class='ocrx_word' id='word_1_43' title='bbox 975 773 1076 838; x_wconf 89' lang='lat' dir='ltr'><strong>cinere</strong></span> <span class='ocrx_word' id='word_1_44' title='bbox 1097 776 1128 838; x_wconf 90' lang='lat' dir='ltr'><strong>et</strong></span> <span class='ocrx_word' id='word_1_45' title='bbox 1151 774 1221 840; x_wconf 86' lang='lat' dir='ltr'><strong>vino</strong></span> <span class='ocrx_word' id='word_1_46' title='bbox 1244 774 1311 840; x_wconf 88' lang='lat' dir='ltr'><strong>fieri</strong></span> <span class='ocrx_word' id='word_1_47' title='bbox 1335 777 1447 860; x_wconf 88' lang='lat' dir='ltr'><strong>iucipi-</strong></span> 
     </span>
     <span class='ocr_line' id='line_1_7' title="bbox 200 876 1448 966; baseline 0.002 -23"><span class='ocrx_word' id='word_1_48' title='bbox 200 880 259 944; x_wconf 93' lang='lat' dir='ltr'><strong>unt</strong></span> <span class='ocrx_word' id='word_1_49' title='bbox 281 878 379 963; x_wconf 88' lang='lat' dir='ltr'><strong>primo</strong></span> <span class='ocrx_word' id='word_1_50' title='bbox 398 878 515 966; x_wconf 74' lang='lat' dir='ltr'><strong>pircum</strong></span> <span class='ocrx_word' id='word_1_51' title='bbox 538 878 654 962; x_wconf 88' lang='lat' dir='ltr'><strong>altare,</strong></span> <span class='ocrx_word' id='word_1_52' title='bbox 689 879 757 942; x_wconf 89' lang='lat' dir='ltr'><strong>tum</strong></span> <span class='ocrx_word' id='word_1_53' title='bbox 791 877 875 941; x_wconf 88' lang='lat' dir='ltr'><strong>intus</strong></span> <span class='ocrx_word' id='word_1_54' title='bbox 910 876 1080 942; x_wconf 76' lang='lat' dir='ltr'><strong>Ecclesiam</strong></span> <span class='ocrx_word' id='word_1_55' title='bbox 1115 879 1305 961; x_wconf 85' lang='lat' dir='ltr'><strong>aspersiones</strong></span> <span class='ocrx_word' id='word_1_56' title='bbox 1327 880 1365 945; x_wconf 88' lang='lat' dir='ltr'><strong>de</strong></span> <span class='ocrx_word' id='word_1_57' title='bbox 1389 880 1448 945; x_wconf 89' lang='lat' dir='ltr'><strong>hac</strong></span> 
     </span>
     <span class='ocr_line' id='line_1_8' title="bbox 201 980 1448 1067; baseline 0.001 -19"><span class='ocrx_word' id='word_1_58' title='bbox 201 983 269 1067; x_wconf 88' lang='lat' dir='ltr'><strong>ipsa</strong></span> <span class='ocrx_word' id='word_1_59' title='bbox 301 1000 391 1066; x_wconf 88' lang='lat' dir='ltr'><strong>aqna.</strong></span> <span class='ocrx_word' id='word_1_60' title='bbox 447 981 542 1047; x_wconf 87' lang='lat' dir='ltr'><strong>Estne</strong></span> <span class='ocrx_word' id='word_1_61' title='bbox 577 982 692 1058; x_wconf 89' lang='lat' dir='ltr'><strong>etiarn,</strong></span> <span class='ocrx_word' id='word_1_62' title='bbox 732 980 813 1045; x_wconf 90' lang='lat' dir='ltr'><strong>siant</strong></span> <span class='ocrx_word' id='word_1_63' title='bbox 850 980 1036 1064; x_wconf 89' lang='lat' dir='ltr'><strong>quibusdam</strong></span> <span class='ocrx_word' id='word_1_64' title='bbox 1074 982 1196 1064; x_wconf 90' lang='lat' dir='ltr'><strong>placet,</strong></span> <span class='ocrx_word' id='word_1_65' title='bbox 1234 983 1448 1049; x_wconf 83' lang='lat' dir='ltr'><strong>adhibendum</strong></span> 
     </span>
     <span class='ocr_line' id='line_1_9' title="bbox 202 1085 1448 1172; baseline 0 -19"><span class='ocrx_word' id='word_1_66' title='bbox 202 1086 405 1172; x_wconf 83' lang='lat' dir='ltr'><strong>aspersorium</strong></span> <span class='ocrx_word' id='word_1_67' title='bbox 440 1085 478 1151; x_wconf 89' lang='lat' dir='ltr'><strong>de</strong></span> <span class='ocrx_word' id='word_1_68' title='bbox 509 1085 606 1150; x_wconf 87' lang='lat' dir='ltr'><strong>herba</strong></span> <span class='ocrx_word' id='word_1_69' title='bbox 639 1085 763 1170; x_wconf 82' lang='lat' dir='ltr'><strong>hyssopi</strong></span> <span class='ocrx_word' id='word_1_70' title='bbox 797 1086 830 1149; x_wconf 92' lang='lat' dir='ltr'><strong>iu</strong></span> <span class='ocrx_word' id='word_1_71' title='bbox 863 1085 1053 1170; x_wconf 83' lang='lat' dir='ltr'><strong>aspergendo</strong></span> <span class='ocrx_word' id='word_1_72' title='bbox 1090 1085 1255 1151; x_wconf 80' lang='lat' dir='ltr'><strong>exteriores</strong></span> <span class='ocrx_word' id='word_1_73' title='bbox 1290 1087 1448 1153; x_wconf 77' lang='lat' dir='ltr'><strong>Ecclesiae</strong></span> 
     </span>
     <span class='ocr_line' id='line_1_10' title="bbox 199 1190 361 1275; baseline -0.012 -20"><span class='ocrx_word' id='word_1_74' title='bbox 199 1190 361 1275; x_wconf 79' lang='lat' dir='ltr'><strong>parietes?</strong></span> 
     </span>
    </p>

    <p class='ocr_par' dir='ltr' id='par_1_4' title="bbox 201 1291 1451 1793">
     <span class='ocr_line' id='line_1_11' title="bbox 305 1291 1449 1376; baseline 0.001 -19"><span class='ocrx_word' id='word_1_75' title='bbox 305 1292 443 1358; x_wconf 86' lang='lat' dir='ltr'><strong>Dubium</strong></span> <span class='ocrx_word' id='word_1_76' title='bbox 466 1292 517 1357; x_wconf 91' lang='lat' dir='ltr'><strong>Vl.</strong></span> <span class='ocrx_word' id='word_1_77' title='bbox 553 1292 650 1358; x_wconf 84' lang='lat' dir='ltr'><strong>Juxta</strong></span> <span class='ocrx_word' id='word_1_78' title='bbox 673 1291 856 1357; x_wconf 89' lang='lat' dir='ltr'><strong>Pontificale</strong></span> <span class='ocrx_word' id='word_1_79' title='bbox 878 1292 1052 1356; x_wconf 89' lang='lat' dir='ltr'><strong>Romanum</strong></span> <span class='ocrx_word' id='word_1_80' title='bbox 1076 1292 1223 1359; x_wconf 88' lang='lat' dir='ltr'><strong>feretrum</strong></span> <span class='ocrx_word' id='word_1_81' title='bbox 1245 1293 1449 1376; x_wconf 87' lang='lat' dir='ltr'><strong>reliquiarum</strong></span> 
     </span>
     <span class='ocr_line' id='line_1_12' title="bbox 204 1396 1451 1480; baseline -0.002 -17"><span class='ocrx_word' id='word_1_82' title='bbox 204 1396 404 1464; x_wconf 75' lang='lat' dir='ltr'><strong>deferendum</strong></span> <span class='ocrx_word' id='word_1_83' title='bbox 427 1398 475 1461; x_wconf 90' lang='lat' dir='ltr'><strong>est</strong></span> <span class='ocrx_word' id='word_1_84' title='bbox 502 1416 521 1461; x_wconf 88' lang='lat' dir='ltr'><strong>a</strong></span> <span class='ocrx_word' id='word_1_85' title='bbox 544 1400 676 1480; x_wconf 90' lang='lat' dir='ltr'><strong>quatuor</strong></span> <span class='ocrx_word' id='word_1_86' title='bbox 695 1396 918 1463; x_wconf 85' lang='lat' dir='ltr'><strong>sacerdotibus.</strong></span> <span class='ocrx_word' id='word_1_87' title='bbox 965 1396 1124 1461; x_wconf 88' lang='lat' dir='ltr'><strong>Debentne</strong></span> <span class='ocrx_word' id='word_1_88' title='bbox 1157 1396 1210 1461; x_wconf 90' lang='lat' dir='ltr'><strong>isti</strong></span> <span class='ocrx_word' id='word_1_89' title='bbox 1241 1397 1451 1463; x_wconf 84' lang='lat' dir='ltr'><strong>sacerdotalia</strong></span> 
     </span>
     <span class='ocr_line' id='line_1_13' title="bbox 201 1487 1448 1595; baseline -0.004 -28"><span class='ocrx_word' id='word_1_90' title='bbox 201 1502 384 1587; x_wconf 89' lang='lat' dir='ltr'><strong>paramenta</strong></span> <span class='ocrx_word' id='word_1_91' title='bbox 405 1501 542 1578; x_wconf 90' lang='lat' dir='ltr'><strong>induere,</strong></span> <span class='ocrx_word' id='word_1_92' title='bbox 566 1500 685 1595; x_wconf 74' lang='lat' dir='ltr'><strong>scilieet</strong></span> <span class='ocrx_word' id='word_1_93' title='bbox 708 1499 872 1577; x_wconf 84' lang='lat' dir='ltr'><strong>amictum,</strong></span> <span class='ocrx_word' id='word_1_94' title='bbox 897 1499 1016 1577; x_wconf 87' lang='lat' dir='ltr'><strong>albam,</strong></span> <span class='ocrx_word' id='word_1_95' title='bbox 1041 1499 1199 1581; x_wconf 85' lang='lat' dir='ltr'><strong>cingulum</strong></span> <span class='ocrx_word' id='word_1_96' title='bbox 1223 1502 1255 1563; x_wconf 86' lang='lat' dir='ltr'><strong>et</strong></span> <span class='ocrx_word' id='word_1_97' title='bbox 1278 1487 1448 1581; x_wconf 83' lang='lat' dir='ltr'><strong>planetam,</strong></span> 
     </span>
     <span class='ocr_line' id='line_1_14' title="bbox 201 1600 1447 1685; baseline -0.004 -14"><span class='ocrx_word' id='word_1_98' title='bbox 201 1605 283 1671; x_wconf 88' lang='lat' dir='ltr'><strong>sicut</strong></span> <span class='ocrx_word' id='word_1_99' title='bbox 305 1604 403 1669; x_wconf 85' lang='lat' dir='ltr'><strong>tradit</strong></span> <span class='ocrx_word' id='word_1_100' title='bbox 425 1604 565 1685; x_wconf 89' lang='lat' dir='ltr'><strong>superius</strong></span> <span class='ocrx_word' id='word_1_101' title='bbox 587 1604 734 1668; x_wconf 86' lang='lat' dir='ltr'><strong>laudatus</strong></span> <span class='ocrx_word' id='word_1_102' title='bbox 759 1603 834 1666; x_wconf 89' lang='lat' dir='ltr'><strong>Pius</strong></span> <span class='ocrx_word' id='word_1_103' title='bbox 855 1601 1052 1681; x_wconf 85' lang='lat' dir='ltr'><strong>Martinucci,</strong></span> <span class='ocrx_word' id='word_1_104' title='bbox 1084 1622 1123 1665; x_wconf 89' lang='lat' dir='ltr'><strong>au</strong></span> <span class='ocrx_word' id='word_1_105' title='bbox 1146 1600 1262 1666; x_wconf 82' lang='lat' dir='ltr'><strong>suffieit</strong></span> <span class='ocrx_word' id='word_1_106' title='bbox 1284 1602 1366 1685; x_wconf 86' lang='lat' dir='ltr'><strong>ipsos</strong></span> <span class='ocrx_word' id='word_1_107' title='bbox 1390 1621 1447 1667; x_wconf 89' lang='lat' dir='ltr'><strong>su·</strong></span> 
     </span>
     <span class='ocr_line' id='line_1_15' title="bbox 201 1705 518 1793; baseline -0.019 -19"><span class='ocrx_word' id='word_1_108' title='bbox 201 1708 384 1793; x_wconf 89' lang='lat' dir='ltr'><strong>perpelliceo</strong></span> <span class='ocrx_word' id='word_1_109' title='bbox 406 1705 518 1770; x_wconf 79' lang='lat' dir='ltr'><strong>indui?</strong></span> 
     </span>
    </p>

    <p class='ocr_par' dir='ltr' id='par_1_5' title="bbox 130 1807 1448 1899">
     <span class='ocr_line' id='line_1_16' title="bbox 130 1807 1448 1899; baseline -0.005 -21"><span class='ocrx_word' id='word_1_110' title='bbox 130 1890 132 1899; x_wconf 21' lang='lat' dir='ltr'><em>s</em></span> <span class='ocrx_word' id='word_1_111' title='bbox 306 1811 444 1877; x_wconf 90' lang='lat' dir='ltr'><strong>Dubium</strong></span> <span class='ocrx_word' id='word_1_112' title='bbox 467 1809 537 1875; x_wconf 91' lang='lat' dir='ltr'><strong>VII.</strong></span> <span class='ocrx_word' id='word_1_113' title='bbox 573 1808 750 1891; x_wconf 82' lang='lat' dir='ltr'><strong>Antequam</strong></span> <span class='ocrx_word' id='word_1_114' title='bbox 773 1807 940 1891; x_wconf 80' lang='lat' dir='ltr'><strong>Episcopus</strong></span> <span class='ocrx_word' id='word_1_115' title='bbox 963 1808 1134 1873; x_wconf 88' lang='lat' dir='ltr'><strong>Ecclesiam</strong></span> <span class='ocrx_word' id='word_1_116' title='bbox 1157 1826 1227 1873; x_wconf 89' lang='lat' dir='ltr'><strong>curn</strong></span> <span class='ocrx_word' id='word_1_117' title='bbox 1244 1808 1358 1874; x_wconf 90' lang='lat' dir='ltr'><strong>feretro</strong></span> <span class='ocrx_word' id='word_1_118' title='bbox 1373 1807 1448 1873; x_wconf 90' lang='lat' dir='ltr'><strong>reli·</strong></span> 
     </span>
    </p>

    <p class='ocr_par' dir='ltr' id='par_1_6' title="bbox 201 1911 1447 2307">
     <span class='ocr_line' id='line_1_17' title="bbox 202 1911 1447 2005; baseline -0.006 -22"><span class='ocrx_word' id='word_1_119' title='bbox 202 1918 345 2005; x_wconf 84' lang='lat' dir='ltr'><strong>quietum</strong></span> <span class='ocrx_word' id='word_1_120' title='bbox 367 1914 582 2003; x_wconf 73' lang='lat' dir='ltr'><strong>ingrediatur,</strong></span> <span class='ocrx_word' id='word_1_121' title='bbox 616 1914 766 1997; x_wconf 87' lang='lat' dir='ltr'><strong>inungere</strong></span> <span class='ocrx_word' id='word_1_122' title='bbox 793 1912 887 1977; x_wconf 85' lang='lat' dir='ltr'><strong>debet</strong></span> <span class='ocrx_word' id='word_1_123' title='bbox 921 1932 991 1977; x_wconf 89' lang='lat' dir='ltr'><strong>cum</strong></span> <span class='ocrx_word' id='word_1_124' title='bbox 1022 1931 1108 1978; x_wconf 88' lang='lat' dir='ltr'><strong>sacro</strong></span> <span class='ocrx_word' id='word_1_125' title='bbox 1132 1911 1309 1977; x_wconf 79' lang='lat' dir='ltr'><strong>Obrimaste</strong></span> <span class='ocrx_word' id='word_1_126' title='bbox 1332 1912 1447 1976; x_wconf 89' lang='lat' dir='ltr'><strong>ostium</strong></span> 
     </span>
     <span class='ocr_line' id='line_1_18' title="bbox 201 2016 1446 2101; baseline -0.006 -13"><span class='ocrx_word' id='word_1_127' title='bbox 201 2022 358 2088; x_wconf 86' lang='lat' dir='ltr'><strong>Ecclesiae</strong></span> <span class='ocrx_word' id='word_1_128' title='bbox 381 2018 525 2085; x_wconf 83' lang='lat' dir='ltr'><strong>exterius.</strong></span> <span class='ocrx_word' id='word_1_129' title='bbox 564 2017 785 2101; x_wconf 82' lang='lat' dir='ltr'><strong>inungendane</strong></span> <span class='ocrx_word' id='word_1_130' title='bbox 808 2019 897 2100; x_wconf 90' lang='lat' dir='ltr'><strong>porta</strong></span> <span class='ocrx_word' id='word_1_131' title='bbox 918 2016 996 2099; x_wconf 88' lang='lat' dir='ltr'><strong>ipsa,</strong></span> <span class='ocrx_word' id='word_1_132' title='bbox 1019 2016 1244 2099; x_wconf 87' lang='lat' dir='ltr'><strong>utplurimum</strong></span> <span class='ocrx_word' id='word_1_133' title='bbox 1267 2016 1382 2100; x_wconf 80' lang='lat' dir='ltr'><strong>lignea,</strong></span> <span class='ocrx_word' id='word_1_134' title='bbox 1406 2034 1446 2081; x_wconf 87' lang='lat' dir='ltr'><strong>au</strong></span> 
     </span>
     <span class='ocr_line' id='line_1_19' title="bbox 202 2119 1447 2210; baseline -0.006 -19"><span class='ocrx_word' id='word_1_135' title='bbox 202 2124 305 2210; x_wconf 90' lang='lat' dir='ltr'><strong>potius</strong></span> <span class='ocrx_word' id='word_1_136' title='bbox 327 2122 497 2208; x_wconf 85' lang='lat' dir='ltr'><strong>inungendi</strong></span> <span class='ocrx_word' id='word_1_137' title='bbox 524 2121 583 2186; x_wconf 85' lang='lat' dir='ltr'><strong>duo</strong></span> <span class='ocrx_word' id='word_1_138' title='bbox 613 2119 742 2204; x_wconf 76' lang='lat' dir='ltr'><strong>stipites</strong></span> <span class='ocrx_word' id='word_1_139' title='bbox 776 2119 889 2204; x_wconf 88' lang='lat' dir='ltr'><strong>lapidei</strong></span> <span class='ocrx_word' id='word_1_140' title='bbox 924 2120 972 2184; x_wconf 86' lang='lat' dir='ltr'><strong>rel</strong></span> <span class='ocrx_word' id='word_1_141' title='bbox 1005 2120 1152 2198; x_wconf 89' lang='lat' dir='ltr'><strong>lateritii,</strong></span> <span class='ocrx_word' id='word_1_142' title='bbox 1185 2120 1447 2203; x_wconf 75' lang='lat' dir='ltr'><strong>quemadmodum</strong></span> 
     </span>
     <span class='ocr_line' id='line_1_20' title="bbox 203 2224 1124 2307; baseline -0.011 -13"><span class='ocrx_word' id='word_1_143' title='bbox 203 2229 292 2297; x_wconf 89' lang='lat' dir='ltr'><strong>docet</strong></span> <span class='ocrx_word' id='word_1_144' title='bbox 314 2247 384 2295; x_wconf 84' lang='lat' dir='ltr'><strong>uror</strong></span> <span class='ocrx_word' id='word_1_145' title='bbox 406 2225 551 2291; x_wconf 88' lang='lat' dir='ltr'><strong>laudatus</strong></span> <span class='ocrx_word' id='word_1_146' title='bbox 572 2224 725 2307; x_wconf 82' lang='lat' dir='ltr'><strong>scriptor?</strong></span> <span class='ocrx_word' id='word_1_147' title='bbox 1122 2291 1124 2294; x_wconf 57' lang='grc'><strong>,</strong></span> 
     </span>
    </p>

    <p class='ocr_par' dir='ltr' id='par_1_7' title="bbox 202 2327 1447 2609">
     <span class='ocr_line' id='line_1_21' title="bbox 306 2327 1447 2413; baseline -0.005 -15"><span class='ocrx_word' id='word_1_148' title='bbox 306 2332 400 2398; x_wconf 86' lang='lat' dir='ltr'><strong>Sacra</strong></span> <span class='ocrx_word' id='word_1_149' title='bbox 421 2348 492 2397; x_wconf 85' lang='lat' dir='ltr'><strong>vero</strong></span> <span class='ocrx_word' id='word_1_150' title='bbox 512 2330 619 2395; x_wconf 88' lang='lat' dir='ltr'><strong>eadem</strong></span> <span class='ocrx_word' id='word_1_151' title='bbox 643 2328 861 2413; x_wconf 84' lang='lat' dir='ltr'><strong>Congregatio‚</strong></span> <span class='ocrx_word' id='word_1_152' title='bbox 882 2329 1034 2394; x_wconf 85' lang='lat' dir='ltr'><strong>referente</strong></span> <span class='ocrx_word' id='word_1_153' title='bbox 1053 2328 1250 2411; x_wconf 86' lang='lat' dir='ltr'><strong>infrascripto</strong></span> <span class='ocrx_word' id='word_1_154' title='bbox 1263 2327 1447 2407; x_wconf 86' lang='lat' dir='ltr'><strong>Secretario,</strong></span> 
     </span>
     <span class='ocr_line' id='line_1_22' title="bbox 202 2432 1446 2517; baseline -0.005 -14"><span class='ocrx_word' id='word_1_155' title='bbox 202 2438 344 2503; x_wconf 89' lang='lat' dir='ltr'><strong>omnibns</strong></span> <span class='ocrx_word' id='word_1_156' title='bbox 366 2437 488 2502; x_wconf 86' lang='lat' dir='ltr'><strong>mature</strong></span> <span class='ocrx_word' id='word_1_157' title='bbox 507 2434 710 2517; x_wconf 85' lang='lat' dir='ltr'><strong>accurateque</strong></span> <span class='ocrx_word' id='word_1_158' title='bbox 727 2433 894 2517; x_wconf 89' lang='lat' dir='ltr'><strong>perpensis,</strong></span> <span class='ocrx_word' id='word_1_159' title='bbox 918 2432 1082 2517; x_wconf 89' lang='lat' dir='ltr'><strong>propositis</strong></span> <span class='ocrx_word' id='word_1_160' title='bbox 1097 2432 1200 2498; x_wconf 88' lang='lat' dir='ltr'><strong>dubiis</strong></span> <span class='ocrx_word' id='word_1_161' title='bbox 1214 2432 1446 2498; x_wconf 84' lang='lat' dir='ltr'><strong>rescribendum</strong></span> 
     </span>
     <span class='ocr_line' id='line_1_23' title="bbox 203 2542 339 2609; baseline -0.029 0"><span class='ocrx_word' id='word_1_162' title='bbox 203 2542 339 2609; x_wconf 88' lang='lat' dir='ltr'><strong>censuit:</strong></span> 
     </span>
    </p>

    <p class='ocr_par' dir='ltr' id='par_1_8' title="bbox 202 2639 1537 3025">
     <span class='ocr_line' id='line_1_24' title="bbox 307 2639 1446 2723; baseline -0.004 -13"><span class='ocrx_word' id='word_1_163' title='bbox 307 2644 356 2710; x_wconf 87' lang='lat' dir='ltr'><strong>Ad</strong></span> <span class='ocrx_word' id='word_1_164' title='bbox 378 2643 404 2709; x_wconf 92' lang='grc' dir='ltr'><strong>Ι.</strong></span> <span class='ocrx_word' id='word_1_165' title='bbox 450 2642 630 2708; x_wconf 80' lang='lat' dir='ltr'><strong>lacerabere</strong></span> <span class='ocrx_word' id='word_1_166' title='bbox 656 2641 764 2707; x_wconf 81' lang='lat' dir='ltr'><strong>debeat</strong></span> <span class='ocrx_word' id='word_1_167' title='bbox 786 2641 940 2723; x_wconf 81' lang='lat' dir='ltr'><strong>Episcopi</strong></span> <span class='ocrx_word' id='word_1_168' title='bbox 959 2647 994 2705; x_wconf 86' lang='lat' dir='ltr'><strong>et</strong></span> <span class='ocrx_word' id='word_1_169' title='bbox 1015 2641 1177 2707; x_wconf 76' lang='lat' dir='ltr'><strong>Ecclesiae</strong></span> <span class='ocrx_word' id='word_1_170' title='bbox 1198 2641 1308 2706; x_wconf 84' lang='lat' dir='ltr'><strong>saltem</strong></span> <span class='ocrx_word' id='word_1_171' title='bbox 1332 2639 1446 2706; x_wconf 81' lang='lat' dir='ltr'><strong>Gathe-</strong></span> 
     </span>
     <span class='ocr_line' id='line_1_25' title="bbox 202 2744 1448 2827; baseline -0.006 -10"><span class='ocrx_word' id='word_1_172' title='bbox 202 2750 309 2817; x_wconf 82' lang='lat' dir='ltr'><strong>drales</strong></span> <span class='ocrx_word' id='word_1_173' title='bbox 331 2755 360 2813; x_wconf 90' lang='lat' dir='ltr'><strong>et</strong></span> <span class='ocrx_word' id='word_1_174' title='bbox 383 2746 589 2813; x_wconf 82' lang='lat' dir='ltr'><strong>Paroatiales</strong></span> <span class='ocrx_word' id='word_1_175' title='bbox 616 2744 794 2811; x_wconf 84' lang='lat' dir='ltr'><strong>solemniter</strong></span> <span class='ocrx_word' id='word_1_176' title='bbox 816 2751 1041 2811; x_wconf 80' lang='lat' dir='ltr'><strong>consecrentur.</strong></span> <span class='ocrx_word' id='word_1_177' title='bbox 1087 2746 1200 2827; x_wconf 75' lang='lat' dir='ltr'><strong>anaal</strong></span> <span class='ocrx_word' id='word_1_178' title='bbox 1221 2746 1358 2810; x_wconf 80' lang='lat' dir='ltr'><strong>animares</strong></span> <span class='ocrx_word' id='word_1_179' title='bbox 1381 2745 1448 2809; x_wconf 83' lang='lat' dir='ltr'><strong>Ec-</strong></span> 
     </span>
     <span class='ocr_line' id='line_1_26' title="bbox 203 2848 1537 2933; baseline -0.007 -12"><span class='ocrx_word' id='word_1_180' title='bbox 203 2855 324 2932; x_wconf 87' lang='lat' dir='ltr'><strong>clesias,</strong></span> <span class='ocrx_word' id='word_1_181' title='bbox 347 2852 377 2917; x_wconf 87' lang='lat' dir='ltr'><strong>si</strong></span> <span class='ocrx_word' id='word_1_182' title='bbox 396 2852 499 2917; x_wconf 82' lang='lat' dir='ltr'><strong>nolint</strong></span> <span class='ocrx_word' id='word_1_183' title='bbox 517 2853 566 2916; x_wconf 85' lang='lat' dir='ltr'><strong>acti</strong></span> <span class='ocrx_word' id='word_1_184' title='bbox 581 2850 657 2933; x_wconf 80' lang='lat' dir='ltr'><strong>jura</strong></span> <span class='ocrx_word' id='word_1_185' title='bbox 675 2870 731 2915; x_wconf 86' lang='lat' dir='ltr'><strong>sua</strong></span> <span class='ocrx_word' id='word_1_186' title='bbox 745 2848 822 2915; x_wconf 90' lang='lat' dir='ltr'><strong>illas</strong></span> <span class='ocrx_word' id='word_1_187' title='bbox 835 2849 1013 2915; x_wconf 81' lang='lat' dir='ltr'><strong>selemniter</strong></span> <span class='ocrx_word' id='word_1_188' title='bbox 1029 2848 1243 2927; x_wconf 76' lang='lat' dir='ltr'><strong>consecrandi,</strong></span> <span class='ocrx_word' id='word_1_189' title='bbox 1260 2848 1447 2931; x_wconf 78' lang='lat' dir='ltr'><strong>facultatem</strong></span> <span class='ocrx_word' id='word_1_190' title='bbox 1531 2918 1537 2924; x_wconf 62' lang='grc'><strong>,</strong></span> 
     </span>
     <span class='ocr_line' id='line_1_27' title="bbox 202 2954 880 3025; baseline -0.009 0"><span class='ocrx_word' id='word_1_191' title='bbox 202 2959 342 3025; x_wconf 77' lang='lat' dir='ltr'><strong>tribueret</strong></span> <span class='ocrx_word' id='word_1_192' title='bbox 359 2955 574 3023; x_wconf 78' lang='lat' dir='ltr'><strong>sacerdotibus</strong></span> <span class='ocrx_word' id='word_1_193' title='bbox 596 2975 650 3021; x_wconf 86' lang='lat' dir='ltr'><strong>eas</strong></span> <span class='ocrx_word' id='word_1_194' title='bbox 672 2954 880 3020; x_wconf 78' lang='lat' dir='ltr'><strong>benedicendi.</strong></span> 
     </span>
    </p>

    <p class='ocr_par' dir='ltr' id='par_1_9' title="bbox 201 3056 1448 3350">
     <span class='ocr_line' id='line_1_28' title="bbox 307 3056 1447 3139; baseline -0.004 -13"><span class='ocrx_word' id='word_1_195' title='bbox 307 3061 356 3126; x_wconf 85' lang='lat' dir='ltr'><strong>Ad</strong></span> <span class='ocrx_word' id='word_1_196' title='bbox 378 3060 420 3125; x_wconf 88' lang='lat' dir='ltr'><strong>II.</strong></span> <span class='ocrx_word' id='word_1_197' title='bbox 465 3058 504 3127; x_wconf 87' lang='lat' dir='ltr'><strong>Ut</strong></span> <span class='ocrx_word' id='word_1_198' title='bbox 524 3059 626 3125; x_wconf 82' lang='lat' dir='ltr'><strong>altare</strong></span> <span class='ocrx_word' id='word_1_199' title='bbox 648 3058 891 3124; x_wconf 80' lang='lat' dir='ltr'><strong>consecrandam</strong></span> <span class='ocrx_word' id='word_1_200' title='bbox 904 3058 946 3122; x_wconf 88' lang='lat' dir='ltr'><strong>sit</strong></span> <span class='ocrx_word' id='word_1_201' title='bbox 960 3056 1130 3137; x_wconf 81' lang='lat' dir='ltr'><strong>lapideum,</strong></span> <span class='ocrx_word' id='word_1_202' title='bbox 1155 3062 1280 3139; x_wconf 85' lang='lat' dir='ltr'><strong>opertet,</strong></span> <span class='ocrx_word' id='word_1_203' title='bbox 1302 3058 1447 3122; x_wconf 78' lang='lat' dir='ltr'><strong>atellam</strong></span> 
     </span>
     <span class='ocr_line' id='line_1_29' title="bbox 201 3161 1448 3248; baseline -0.004 -17"><span class='ocrx_word' id='word_1_204' title='bbox 201 3166 238 3231; x_wconf 84' lang='lat' dir='ltr'><strong>ia</strong></span> <span class='ocrx_word' id='word_1_205' title='bbox 259 3166 326 3248; x_wconf 73' lang='lat' dir='ltr'><strong>ajars</strong></span> <span class='ocrx_word' id='word_1_206' title='bbox 347 3164 453 3245; x_wconf 78' lang='lat' dir='ltr'><strong>stipite</strong></span> <span class='ocrx_word' id='word_1_207' title='bbox 472 3162 581 3229; x_wconf 85' lang='lat' dir='ltr'><strong>saltam</strong></span> <span class='ocrx_word' id='word_1_208' title='bbox 604 3163 707 3229; x_wconf 89' lang='lat' dir='ltr'><strong>latera</strong></span> <span class='ocrx_word' id='word_1_209' title='bbox 728 3184 783 3229; x_wconf 86' lang='lat' dir='ltr'><strong>sca</strong></span> <span class='ocrx_word' id='word_1_210' title='bbox 803 3162 982 3227; x_wconf 81' lang='lat' dir='ltr'><strong>columellae</strong></span> <span class='ocrx_word' id='word_1_211' title='bbox 997 3161 1108 3244; x_wconf 79' lang='lat' dir='ltr'><strong>quibas</strong></span> <span class='ocrx_word' id='word_1_212' title='bbox 1122 3182 1229 3228; x_wconf 87' lang='lat' dir='ltr'><strong>mensa</strong></span> <span class='ocrx_word' id='word_1_213' title='bbox 1243 3166 1448 3241; x_wconf 82' lang='lat' dir='ltr'><strong>sustentat-ar,</strong></span> 
     </span>
     <span class='ocr_line' id='line_1_30' title="bbox 203 3257 1362 3350; baseline -0.007 -14"><span class='ocrx_word' id='word_1_214' title='bbox 203 3271 268 3337; x_wconf 86' lang='lat' dir='ltr'><strong>siat</strong></span> <span class='ocrx_word' id='word_1_215' title='bbox 290 3290 328 3335; x_wconf 83' lang='lat' dir='ltr'><strong>ea</strong></span> <span class='ocrx_word' id='word_1_216' title='bbox 350 3268 465 3350; x_wconf 79' lang='lat' dir='ltr'><strong>lapide.</strong></span> <span class='ocrx_word' id='word_1_217' title='bbox 1359 3257 1362 3263; x_wconf 75' lang='grc'><strong>’</strong></span> 
     </span>
    </p>

    <p class='ocr_par' dir='ltr' id='par_1_10' title="bbox 198 3366 1448 3559">
     <span class='ocr_line' id='line_1_31' title="bbox 306 3366 1448 3453; baseline -0.005 -14"><span class='ocrx_word' id='word_1_218' title='bbox 306 3372 357 3439; x_wconf 77' lang='lat' dir='ltr'><strong>no</strong></span> <span class='ocrx_word' id='word_1_219' title='bbox 380 3370 438 3436; x_wconf 86' lang='lat' dir='ltr'><strong>Ill.</strong></span> <span class='ocrx_word' id='word_1_220' title='bbox 484 3368 602 3438; x_wconf 80' lang='lat' dir='ltr'><strong>Sacrae</strong></span> <span class='ocrx_word' id='word_1_221' title='bbox 630 3368 766 3453; x_wconf 81' lang='lat' dir='ltr'><strong>Vipiliaa</strong></span> <span class='ocrx_word' id='word_1_222' title='bbox 788 3371 1007 3451; x_wconf 77' lang='lat' dir='ltr'><strong>praescriptae</strong></span> <span class='ocrx_word' id='word_1_223' title='bbox 1035 3368 1070 3434; x_wconf 84' lang='lat' dir='ltr'><strong>in</strong></span> <span class='ocrx_word' id='word_1_224' title='bbox 1097 3366 1279 3451; x_wconf 68' lang='lat' dir='ltr'><strong>Pontificali</strong></span> <span class='ocrx_word' id='word_1_225' title='bbox 1301 3368 1448 3435; x_wconf 83' lang='lat' dir='ltr'><strong>Romana</strong></span> 
     </span>
     <span class='ocr_line' id='line_1_32' title="bbox 198 3472 1363 3559; baseline -0.006 -16"><span class='ocrx_word' id='word_1_226' title='bbox 198 3481 376 3559; x_wconf 85' lang='lat' dir='ltr'><strong>pertatem</strong></span> <span class='ocrx_word' id='word_1_227' title='bbox 397 3480 516 3541; x_wconf 72' lang='lat' dir='ltr'><strong>nomae</strong></span> <span class='ocrx_word' id='word_1_228' title='bbox 529 3472 757 3555; x_wconf 79' lang='lat' dir='ltr'><strong>persolvendae</strong></span> <span class='ocrx_word' id='word_1_229' title='bbox 778 3479 862 3541; x_wconf 82' lang='lat' dir='ltr'><strong>snat.</strong></span> <span class='ocrx_word' id='word_1_230' title='bbox 1361 3481 1363 3484; x_wconf 82' lang='grc'><strong>’</strong></span> 
     </span>
    </p>

    <p class='ocr_par' dir='ltr' id='par_1_11' title="bbox 200 3576 1449 3768">
     <span class='ocr_line' id='line_1_33' title="bbox 307 3576 1449 3659; baseline -0.002 -16"><span class='ocrx_word' id='word_1_231' title='bbox 307 3578 357 3643; x_wconf 86' lang='lat' dir='ltr'><strong>Ad</strong></span> <span class='ocrx_word' id='word_1_232' title='bbox 379 3577 433 3643; x_wconf 88' lang='lat' dir='ltr'><strong>IV.</strong></span> <span class='ocrx_word' id='word_1_233' title='bbox 479 3578 552 3643; x_wconf 87' lang='lat' dir='ltr'><strong>Noa</strong></span> <span class='ocrx_word' id='word_1_234' title='bbox 580 3584 626 3643; x_wconf 88' lang='lat' dir='ltr'><strong>est</strong></span> <span class='ocrx_word' id='word_1_235' title='bbox 658 3577 867 3659; x_wconf 82' lang='lat' dir='ltr'><strong>improbanda</strong></span> <span class='ocrx_word' id='word_1_236' title='bbox 896 3577 1082 3642; x_wconf 80' lang='lat' dir='ltr'><strong>masecetuela</strong></span> <span class='ocrx_word' id='word_1_237' title='bbox 1103 3576 1230 3657; x_wconf 86' lang='lat' dir='ltr'><strong>passim</strong></span> <span class='ocrx_word' id='word_1_238' title='bbox 1251 3582 1374 3657; x_wconf 87' lang='lat' dir='ltr'><strong>recepta</strong></span> <span class='ocrx_word' id='word_1_239' title='bbox 1395 3576 1449 3641; x_wconf 82' lang='lat' dir='ltr'><strong>ele-</strong></span> 
     </span>
     <span class='ocr_line' id='line_1_34' title="bbox 200 3680 1311 3768; baseline -0.008 -17"><span class='ocrx_word' id='word_1_240' title='bbox 200 3684 326 3768; x_wconf 76' lang='lat' dir='ltr'><strong>saeuae·</strong></span> <span class='ocrx_word' id='word_1_241' title='bbox 346 3685 381 3748; x_wconf 85' lang='lat' dir='ltr'><strong>in</strong></span> <span class='ocrx_word' id='word_1_242' title='bbox 401 3702 478 3748; x_wconf 85' lang='lat' dir='ltr'><strong>casn</strong></span> <span class='ocrx_word' id='word_1_243' title='bbox 500 3702 622 3747; x_wconf 79' lang='lat' dir='ltr'><strong>crucem</strong></span> <span class='ocrx_word' id='word_1_244' title='bbox 644 3682 802 3747; x_wconf 82' lang='lat' dir='ltr'><strong>testatam</strong></span> <span class='ocrx_word' id='word_1_245' title='bbox 822 3682 861 3745; x_wconf 83' lang='lat' dir='ltr'><strong>ab</strong></span> <span class='ocrx_word' id='word_1_246' title='bbox 883 3682 975 3747; x_wconf 79' lang='lat' dir='ltr'><strong>initio</strong></span> <span class='ocrx_word' id='word_1_247' title='bbox 997 3700 1109 3745; x_wconf 81' lang='lat' dir='ltr'><strong>sacrae</strong></span> <span class='ocrx_word' id='word_1_248' title='bbox 1127 3680 1311 3761; x_wconf 73' lang='lat' dir='ltr'><strong>functionis.</strong></span> 
     </span>
    </p>

    <p class='ocr_par' dir='ltr' id='par_1_12' title="bbox 307 3785 675 3869">
     <span class='ocr_line' id='line_1_35' title="bbox 307 3785 675 3869; baseline -0.005 -18"><span class='ocrx_word' id='word_1_249' title='bbox 307 3785 358 3851; x_wconf 80' lang='lat' dir='ltr'><strong>Aa</strong></span> <span class='ocrx_word' id='word_1_250' title='bbox 381 3786 419 3853; x_wconf 86' lang='lat' dir='ltr'><strong>V.</strong></span> <span class='ocrx_word' id='word_1_251' title='bbox 464 3786 675 3869; x_wconf 71' lang='lat' dir='ltr'><strong>Attirmatioa.</strong></span> 
     </span>
    </p>

    <p class='ocr_par' dir='ltr' id='par_1_13' title="bbox 204 3886 1449 4061">
     <span class='ocr_line' id='line_1_36' title="bbox 307 3886 1449 3970; baseline -0.006 -14"><span class='ocrx_word' id='word_1_252' title='bbox 307 3890 357 3955; x_wconf 78' lang='lat' dir='ltr'><strong>Ad</strong></span> <span class='ocrx_word' id='word_1_253' title='bbox 380 3891 433 3955; x_wconf 88' lang='lat' dir='ltr'><strong>Vl.</strong></span> <span class='ocrx_word' id='word_1_254' title='bbox 469 3890 565 3955; x_wconf 87' lang='lat' dir='ltr'><strong>Decet</strong></span> <span class='ocrx_word' id='word_1_255' title='bbox 584 3896 619 3955; x_wconf 81' lang='lat' dir='ltr'><strong>at</strong></span> <span class='ocrx_word' id='word_1_256' title='bbox 637 3910 675 3955; x_wconf 85' lang='lat' dir='ltr'><strong>ea</strong></span> <span class='ocrx_word' id='word_1_257' title='bbox 698 3909 759 3955; x_wconf 83' lang='lat' dir='ltr'><strong>asa</strong></span> <span class='ocrx_word' id='word_1_258' title='bbox 774 3888 901 3970; x_wconf 85' lang='lat' dir='ltr'><strong>passim</strong></span> <span class='ocrx_word' id='word_1_259' title='bbox 919 3891 1038 3967; x_wconf 86' lang='lat' dir='ltr'><strong>recepta</strong></span> <span class='ocrx_word' id='word_1_260' title='bbox 1052 3886 1229 3951; x_wconf 82' lang='lat' dir='ltr'><strong>sacerdotes</strong></span> <span class='ocrx_word' id='word_1_261' title='bbox 1241 3886 1276 3949; x_wconf 87' lang='lat' dir='ltr'><strong>ia</strong></span> <span class='ocrx_word' id='word_1_262' title='bbox 1291 3905 1367 3950; x_wconf 82' lang='lat' dir='ltr'><strong>casu</strong></span> <span class='ocrx_word' id='word_1_263' title='bbox 1384 3886 1449 3949; x_wconf 85' lang='lat' dir='ltr'><strong>siat</strong></span> 
     </span>
     <span class='ocr_line' id='line_1_37' title="bbox 204 3988 601 4061; baseline -0.008 0"><span class='ocrx_word' id='word_1_264' title='bbox 204 3994 308 4061; x_wconf 83' lang='lat' dir='ltr'><strong>sacris</strong></span> <span class='ocrx_word' id='word_1_265' title='bbox 329 3994 464 4060; x_wconf 83' lang='lat' dir='ltr'><strong>vestitas</strong></span> <span class='ocrx_word' id='word_1_266' title='bbox 485 3988 601 4059; x_wconf 72' lang='lat' dir='ltr'><strong>iactati</strong></span> 
     </span>
    </p>

    <p class='ocr_par' dir='ltr' id='par_1_14' title="bbox 204 4094 1449 4279">
     <span class='ocr_line' id='line_1_38' title="bbox 307 4094 1449 4182; baseline -0.004 -18"><span class='ocrx_word' id='word_1_267' title='bbox 307 4098 358 4164; x_wconf 83' lang='lat' dir='ltr'><strong>Ad</strong></span> <span class='ocrx_word' id='word_1_268' title='bbox 378 4098 450 4164; x_wconf 88' lang='lat' dir='ltr'><strong>Vll.</strong></span> <span class='ocrx_word' id='word_1_269' title='bbox 496 4098 646 4182; x_wconf 83' lang='lat' dir='ltr'><strong>Nepotiee</strong></span> <span class='ocrx_word' id='word_1_270' title='bbox 678 4098 721 4163; x_wconf 77' lang='lat' dir='ltr'><strong>acl</strong></span> <span class='ocrx_word' id='word_1_271' title='bbox 749 4098 893 4177; x_wconf 85' lang='lat' dir='ltr'><strong>primam</strong></span> <span class='ocrx_word' id='word_1_272' title='bbox 922 4101 1065 4176; x_wconf 81' lang='lat' dir='ltr'><strong>parlem3</strong></span> <span class='ocrx_word' id='word_1_273' title='bbox 1102 4094 1292 4177; x_wconf 77' lang='lat' dir='ltr'><strong>affirmative</strong></span> <span class='ocrx_word' id='word_1_274' title='bbox 1324 4094 1368 4158; x_wconf 82' lang='lat' dir='ltr'><strong>ad</strong></span> <span class='ocrx_word' id='word_1_275' title='bbox 1399 4114 1449 4159; x_wconf 90' lang='lat' dir='ltr'><strong>se·</strong></span> 
     </span>
     <span class='ocr_line' id='line_1_39' title="bbox 204 4188 1351 4279; baseline -0.003 -10"><span class='ocrx_word' id='word_1_276' title='bbox 204 4202 348 4279; x_wconf 74' lang='lat' dir='ltr'><strong>matam.</strong></span> <span class='ocrx_word' id='word_1_277' title='bbox 1348 4188 1351 4193; x_wconf 63' lang='grc'><strong>’</strong></span> 
     </span>
    </p>

    <p class='ocr_par' dir='ltr' id='par_1_15' title="bbox 306 4300 1449 4390">
     <span class='ocr_line' id='line_1_40' title="bbox 306 4300 1449 4390; baseline -0.003 -19"><span class='ocrx_word' id='word_1_278' title='bbox 306 4307 411 4390; x_wconf 78' lang='lat' dir='ltr'><strong>Atque</strong></span> <span class='ocrx_word' id='word_1_279' title='bbox 454 4306 501 4371; x_wconf 89' lang='lat' dir='ltr'><strong>ita</strong></span> <span class='ocrx_word' id='word_1_280' title='bbox 541 4305 714 4390; x_wconf 88' lang='lat' dir='ltr'><strong>rescripsit,</strong></span> <span class='ocrx_word' id='word_1_281' title='bbox 759 4304 932 4370; x_wconf 87' lang='lat' dir='ltr'><strong>declaravit</strong></span> <span class='ocrx_word' id='word_1_282' title='bbox 969 4322 1005 4368; x_wconf 88' lang='lat' dir='ltr'><strong>ac</strong></span> <span class='ocrx_word' id='word_1_283' title='bbox 1042 4303 1159 4369; x_wconf 84' lang='lat' dir='ltr'><strong>servari</strong></span> <span class='ocrx_word' id='word_1_284' title='bbox 1201 4300 1361 4366; x_wconf 85' lang='lat' dir='ltr'><strong>mandavit</strong></span> <span class='ocrx_word' id='word_1_285' title='bbox 1399 4301 1449 4367; x_wconf 90' lang='lat' dir='ltr'><strong>die</strong></span> 
     </span>
    </p>
   </div>
   <div class='ocr_carea' id='block_1_3' title="bbox 205 4410 513 4495">
    <p class='ocr_par' dir='ltr' id='par_1_16' title="bbox 205 4410 513 4495">
     <span class='ocr_line' id='line_1_41' title="bbox 205 4410 513 4495; baseline -0.013 -17"><span class='ocrx_word' id='word_1_286' title='bbox 205 4412 235 4480; x_wconf 86' lang='grc'><strong>7.</strong></span> <span class='ocrx_word' id='word_1_287' title='bbox 259 4411 395 4495; x_wconf 84' lang='lat' dir='ltr'><strong>Augusti</strong></span> <span class='ocrx_word' id='word_1_288' title='bbox 421 4410 513 4475; x_wconf 82' lang='lat'>1875.</span> 
     </span>
    </p>
   </div>
   <div class='ocr_carea' id='block_1_4' title="bbox 0 0 1617 4859">
    <p class='ocr_par' dir='ltr' id='par_1_17' title="bbox 0 0 1617 4859">
     <span class='ocr_line' id='line_1_42' title="bbox 0 0 1617 4859; baseline 0 0"><span class='ocrx_word' id='word_1_289' title='bbox 0 0 1617 4859; x_wconf 95' lang='lat' dir='ltr'><strong> </strong></span> 
     </span>
    </p>
   </div>
  </div>
 </body>
</html>
