3209 4859
599 726 602 733 ’
721 712 830 798 ΧΧΙΙΙ.
931 796 935 803 .

151 852 333 935 currenda
367 852 624 937 consistorialis
657 852 798 935 ioannis
835 852 1196 953 (taediosissimae,
1233 853 1397 957 nrtnctnts

506 974 759 1078 archiepiscopi
785 972 1045 1075 Strinouiensis

422 1112 564 1183 (Ourrcud.
582 1112 723 1169 consistat.
740 1112 830 1169 XXII.
846 1130 872 1169 n.
890 1115 959 1170 1880
972 1114 1020 1170 Nn.
1039 1113 1127 1183 5024.)

197 1228 324 1294 Milites
345 1228 459 1311 absque
480 1228 607 1293 licentia
629 1229 837 1294 castrensium
858 1228 1074 1295 Paraetaram
1094 1233 1150 1294 aut
1171 1226 1361 1295 oneratorum

434 1332 712 1399 matrimonialiter
734 1332 927 1415 copulandos
947 1354 1012 1399 aaa
1034 1351 1109 1399 esec.

259 1470 379 1554 Proprii
413 1471 548 1537 militum
580 1473 612 1537 et
642 1471 827 1537 militarium
855 1489 1053 1555 personarum
1076 1470 1109 1537 in
1131 1470 1237 1538 ordine
1259 1470 1299 1536 nd
1322 1488 1397 1537 cou-

154 1574 343 1641 trahendum
368 1576 601 1643 matrimonium
624 1576 765 1656 Parandi,
788 1579 863 1643 sunt
884 1574 1064 1643 Sacerdotes
1086 1575 1143 1657 illi,
1167 1576 1221 1658 qui
1239 1594 1259 1642 a
1275 1574 1398 1641 Vicnria

155 1678 334 1762 Apostolica
367 1700 446 1748 caes.
481 1680 560 1767 regii
589 1680 739 1747 exercitus
767 1680 983 1765 jurisdictione
1004 1680 1043 1745 ad
1068 1680 1267 1746 exercendam
1290 1698 1397 1745 curam

154 1782 330 1848 animarum
359 1784 440 1867 apud
467 1784 584 1852 milites
614 1785 778 1863 instructi,
816 1786 1024 1851 Perochorum
1052 1784 1102 1850 vel
1134 1784 1318 1849 Cunctorum
1349 1781 1398 1847 val

158 1885 396 1969 Capellnnarum
419 1889 624 1955 castrensium
650 1889 826 1957 nominibus
855 1890 1084 1973 insigniuntur,
1118 1888 1235 1972 absque
1267 1904 1398 1970 quornm

154 1988 282 2074 proinde
305 1991 442 2070 licentia,
465 1992 579 2077 scripto
602 1993 684 2071 datu,
708 2011 762 2058 seu
775 1992 890 2060 litteris
902 1992 1161 2060 dimissarinlibus
1172 1988 1398 2074 nupturientes,

156 2112 286 2177 quorum
308 2095 420 2161 saltem
443 2116 505 2161 unn
526 2116 597 2180 pars
621 2096 710 2162 miles
729 2097 777 2162 vel
796 2096 943 2162 militaris
957 2115 1087 2179 persana
1102 2097 1161 2174 est,
1183 2093 1399 2159 matrimonia·

155 2197 231 2263 liter
251 2198 394 2281 copulare
415 2199 562 2265 Parachis
584 2198 727 2265 civilibus
749 2216 811 2264 nan
833 2198 926 2279 licet,
946 2199 1027 2265 sicut
1048 2217 1108 2265 nan
1130 2198 1205 2263 licet
1227 2196 1321 2262 alieni
1343 2215 1399 2280 pa·

156 2301 295 2367 rechinni
319 2303 514 2369 matrimonia
538 2304 603 2368 sine
623 2302 882 2369 dimissorinlibus
896 2302 1010 2387 proprii
1027 2302 1121 2387 hujus
1137 2301 1268 2367 Parachi
1283 2300 1399 2368 litteris

157 2401 316 2473 adsistere.
343 2442 378 2454 -
406 2406 485 2473 (inm
508 2411 544 2472 ut
564 2428 580 2473 e
605 2407 802 2473 ministeriali
817 2408 874 2473 sub
893 2408 943 2473 24.
960 2406 1087 2475 Octobri
1103 2407 1132 2471 h.
1150 2425 1178 2472 n.
1196 2406 1253 2472 Nr.
1269 2403 1399 2483 sauls.

156 2513 279 2576 exarato
301 2510 449 2595 rescripto
470 2511 633 2591 informor,
663 2512 701 2578 ab
725 2512 784 2577 hoc
805 2510 916 2595 regula
936 2510 1051 2577 alicubi
1074 2530 1132 2577 uon
1157 2510 1314 2575 tamenin
1339 2510 1400 2576 hnc

157 2615 410 2682 Archi-Dinocesi
442 2634 595 2681 recessum
622 2616 733 2695 fuerit,
762 2634 870 2699 apeme
893 2615 1028 2700 pretium
1050 2633 1116 2681 esse
1139 2614 1221 2692 duxi,
1246 2614 1314 2680 DD.
1339 2615 1400 2680 Pa·

156 2718 265 2783 rochos
287 2720 319 2783 et
342 2718 564 2784 Parachinrnm
587 2719 865 2786 Administratores
885 2721 1012 2785 eatenus
1034 2719 1208 2798 aduertere,
1241 2720 1335 2805 utque
1358 2718 1398 2784 nd

156 2840 296 2887 normam
320 2823 401 2887 haue
423 2822 566 2907 deinceps
590 2844 710 2908 quoquc
733 2825 842 2889 stricte
865 2823 1087 2891 observandem
1110 2822 1234 2889 inniune.

230 2954 232 2960 '
259 2944 421 3031 Strioonii
446 2944 495 3011 die
518 2946 549 3011 8.
574 2946 758 3013 Novembris
783 2948 877 3016 1880.
